2554 4140
347 139 421 178 XX

429 282 526 343 30.
579 280 668 340 Ad
694 274 1167 360 perspicuitatem
1207 274 1366 355 quod
1406 275 1618 334 attinet
1644 320 1659 348 ,
1695 297 1821 356 quae
1861 288 1950 336 est
1980 278 2160 340 altera
2189 286 2477 343 sermonis

348 380 569 453 virtus,
609 397 675 435 eo
721 383 958 431 utemur
991 370 1123 429 stilo
1169 392 1355 453 eaque
1398 371 1693 432 scribendi
1740 375 2001 448 ratione,
2045 398 2170 458 quae
2221 382 2475 440 maxime

348 475 555 535 decent
585 478 862 529 tractatus
893 465 1238 550 polemicOS,
1285 468 1538 550 simplici
1574 491 1789 551 nempe
1827 482 2004 553 atque
2044 487 2325 535 accurata.
2364 479 2478 536 Ex-

346 570 621 654 quisitam
663 563 911 648 proinde
948 564 1331 644 elegantiam,
1380 586 1506 647 quae
1560 567 1849 648 quidquid
1889 567 2143 628 latinum
2181 592 2303 630 non
2345 585 2434 632 est
2461 621 2475 647 ,

343 665 594 744 rejiciat,
623 662 867 721 minime
886 660 1350 720 consectabimur
1369 707 1383 735 ,
1417 673 1623 744 utpote
1649 662 1902 722 alienam
1929 663 2002 722 ab
2028 687 2094 723 eo
2124 667 2275 741 fine,
2302 689 2478 749 quem

343 760 512 821 nobis
554 758 999 841 proposuimuS,
1036 768 1096 816 et
1131 757 1327 816 minus
1360 757 1604 818 fortasse
1634 757 1709 818 ad
1737 759 1799 818 id
1830 762 2328 821 accommodatam
2356 810 2372 837 ,
2416 775 2481 823 ut

344 877 563 940 nempe
609 859 901 934 juvenum
957 852 1344 928 utilitatibus,
1405 864 1698 935 quantum
1739 855 1803 913 in
1847 855 2018 915 nobis
2064 869 2197 930 est,
2249 860 2481 941 prospi—

346 975 588 1015 clamuS.
1752 1008 1755 1011 ,

426 1050 524 1109 31.
570 1048 717 1107 Cum
742 1068 887 1128 opus
917 1046 1028 1106 erit
1048 1092 1064 1121 .‚
1094 1045 1410 1104 nonnullas
1442 1045 1728 1106 addemus
1754 1047 1990 1108 notulas
2012 1095 2029 1125 ,
2058 1051 2134 1110 ad
2166 1072 2293 1111 rem
2318 1074 2482 1133 aper-

346 1146 461 1204 tius
502 1142 955 1217 declarandam,
1002 1142 1082 1200 ita
1130 1153 1329 1201 tamen
1369 1152 1436 1200 ut
1489 1143 1726 1201 nonnisi
1775 1165 1947 1225 parce
1995 1167 2059 1205 ac
2105 1167 2237 1206 cum
2286 1147 2480 1207 debita

344 1239 736 1323 temperantia
766 1239 827 1297 id
860 1250 1235 1320 praestemuS,
1276 1258 1341 1296 ac
1384 1238 1623 1297 nonnisi
1657 1236 1758 1296 ubi
1795 1242 2106 1300 necessitas
2137 1254 2237 1301 aut
2268 1243 2476 1303 saltem

346 1337 760 1421 opportunitas
790 1335 866 1394 ad
893 1339 1175 1413 majorem
1207 1334 1599 1415 quaestionum
1627 1333 2079 1396 elucidationem
2106 1337 2309 1398 tulerit
2336 1385 2352 1414 ,
2404 1362 2479 1400 ne

344 1435 599 1493 nimium
634 1431 981 1490 libri'moles
1015 1442 1331 1490 excrescat.

427 1530 525 1589 32.
578 1527 835 1588 Mediam
856 1528 1033 1608 igitur
1060 1525 1342 1585 inibimus
1363 1526 1551 1598 viamt,
1593 1525 1838 1586 nimiam
1870 1527 1932 1585 in
1962 1526 2134 1587 rebus
2160 1530 2480 1589 tractandis

342 1625 742 1710 prolixitatem
781 1644 948 1705 aeque
986 1643 1052 1681 ae
1088 1621 1336 1680 nimiam
1359 1621 1735 1700 jejunitatem
1774 1621 2186 1684 devitabimUS.
2235 1624 2479 1685 Adoles-

344 1733 542 1782 centes
598 1718 902 1799 theologiae
953 1717 1197 1776 studiosi
1243 1728 1428 1776 totam
1478 1739 1656 1798 quam
1697 1727 2010 1799 exoptant,
2056 1740 2301 1801 quaeque
2339 1721 2477 1802 ipsis

340 1818 666 1879 necessaria
690 1828 808 1891 est,
845 1816 1250 1876 doctrinarum
1278 1813 1705 1897 supellectilem
1734 1814 1830 1873 hic
1846 1816 1930 1873 ita
1943 1817 2385 1892 nanciscentur,
2413 1830 2481 1875 ut

343 1937 548 1976 eorum
574 1913 758 1973 animi
785 1932 894 1972 nec
917 1911 1360 1993 supervacaneis
1391 1909 1730 1986 abundent,
1757 1930 1868 1970 nec
1890 1911 2072 1970 nimia
2088 1932 2287 1971 rerum
2315 1913 2479 1994 copia

344 2008 801 2069 absterreantur.

430 2103 531 2164 33.
580 2103 738 2162 Licet
780 2122 921 2163 vero
963 2101 1027 2159 in
1068 2099 1161 2158 his
1201 2098 1613 2159 elucubrandis
1656 2120 1766 2158 nec
1811 2100 2110 2160 industriae
2148 2123 2257 2161 nec
2294 2101 2480 2161 labori

346 2199 781 2283 pepercerimus
799 2242 815 2274 ,
840 2195 1005 2255 facile
1019 2206 1221 2255 tamen
1241 2195 1613 2276 profitemur,
1647 2216 1754 2253 nos
1771 2216 1891 2253 non
1910 2217 2112 2254 omnes
2128 2195 2338 2255 idcirco
2353 2219 2480 2256 ma-

349 2295 506 2356 culas
535 2294 808 2377 culpasve
831 2293 1139 2355 devitasse.
1168 2294 1240 2351 Et
1267 2314 1374 2351 nos
1399 2291 1667 2351 homines
1700 2313 1935 2365 sumus;
1980 2293 2223 2352 humani
2258 2294 2408 2353 nihil
2446 2317 2478 2354 a

346 2390 514 2452 nobis
557 2391 814 2451 alienum
867 2400 1165 2471 putamus·
1217 2389 1434 2448 Verum
1480 2387 1763 2466 ejusmodi
1802 2387 1961 2448 labes
2020 2390 2167 2471 aequi
2215 2388 2477 2471 bonique

349 2488 507 2550 viros
527 2486 726 2546 doctos
745 2484 1111 2546 consulturos
1133 2505 1257 2544 esse
1285 2483 1648 2543 confidimus,
1674 2483 1848 2561 Quod
1872 2484 1918 2542 si
1950 2484 2254 2567 quidpiam
2277 2487 2475 2546 minus

351 2594 518 2643 caute
568 2593 670 2641 aut
720 2582 916 2641 minus
972 2591 1237 2641 accurate
1300 2578 1552 2654 dictum,
1613 2580 1934 2663 quidquam
1997 2581 2236 2641 fortasse
2294 2583 2473 2642 etiam

351 2677 644 2739 catholicae
678 2676 942 2737 Ecclesiae
970 2676 1250 2736 doctrinis
1283 2676 1477 2734 minus
1502 2675 1794 2736 cohaerens
1820 2677 2020 2737 invitis
2047 2677 2327 2737 exciderit
2347 2722 2363 2753 ,
2412 2679 2474 2737 id

354 2797 462 2857 pro
499 2773 719 2834 indicto
756 2773 958 2835 haberi
988 2773 1293 2846 volumuS,
1344 2793 1478 2831 cum
1517 2794 1623 2831 nos
1660 2784 1975 2853 nostraque
2002 2774 2197 2832 omnia
2228 2774 2471 2854 pientis-

355 2870 516 2931 simae
547 2870 682 2929 huic
718 2870 979 2932 veritatis
1014 2870 1331 2951 magistrae,
1377 2867 1664 2929 columnae
1701 2889 1764 2928 ac
1803 2869 2176 2928 firmamento
2217 2868 2472 2946 subjecta

359 2987 482 3027 esse
507 2964 908 3027 decernamus,
