2554 4140
740 120 895 158 PROP.
943 121 1024 159 lv.
1073 120 1138 156 DE
1181 118 1333 157 EGGL.
1383 117 1564 158 PROPR.

2084 93 2203 154 233

112 259 462 341 probitatem
489 261 615 320 fieri
646 270 839 342 posset
857 305 874 335 ,
904 271 972 318 ut
1005 257 1275 320 veritates
1298 256 1370 314 ab
1392 258 1518 338 ipso
1542 257 1848 340 propositae
1874 255 1968 316 vel
1991 255 2053 314 in
2083 267 2206 316 toto

113 355 209 415 vel
224 357 430 415 saltem
445 356 636 437 aliqua
655 377 724 416 ex
740 367 906 438 parte
923 352 1271 413 laederentur
1291 395 1307 425 ‚
1333 350 1430 411 vel
1453 362 1518 409 ut
1535 351 1949 412 dissolveretur
1968 351 2206 411 societas

111 449 232 529 ipsa
253 495 268 524 ,
315 473 491 531 quam
525 450 783 510 Christus
825 449 1188 519 instituerat,
1232 444 1371 502 hinc
1410 456 1755 526 perpetuam
1797 467 1860 505 ac
1903 467 2207 528 nunquam

113 544 426 604 desituram
469 545 886 627 protectionem
928 552 999 600 et
1029 539 1421 598 defensionem
1464 560 1630 597 suam
1671 540 1861 599 eidem
1903 541 2207 622 promisit,

115 659 229 718 qua
264 641 459 714 fieret,
499 651 566 698 ut
601 641 942 697 intemerata
978 654 1207 715 semper
1248 633 1582 715 persisteret
1612 633 1884 693 adversus
1924 655 2211 716 quaecum-

113 755 225 813 que
241 735 546 793 hominum
567 732 957 792 acinferorum
975 727 1274 788 molimina
1292 754 1308 801 ς
1334 728 1415 787 sic
1436 726 1590 809 apud
1613 727 1982 798 Matthaeum:
2012 732 2212 790 Portae

114 831 344 906 inferi,
369 829 561 909 inquit
578 871 594 901 ‚
620 846 741 885 non
757 825 1180 905 praevalebunt
1198 825 1481 882 adversus
1492 843 1621 882 eam
1635 820 1871 901 (Matth.
1892 823 2052 897 XVI,
2082 824 2208 904 18);

112 932 172 979 et
208 923 421 981 iterum
458 943 472 978 ε
511 921 664 980 Ecce
703 940 801 999 eqo
828 921 1128 978 vobiscum
1174 939 1308 977 sum
1349 919 1628 976 omnibus
1668 918 1875 975 diebus
1914 937 2098 995 usque
2132 918 2219 976 ad

112 1017 674 1074 consummationem
702 1016 910 1073 soeculc‘
936 1012 1184 1093 (Matth.
1226 1012 1500 1087 XXVIII,
1534 1011 1614 1070 20
1635 1009 1693 1091 )3
1731 1021 1790 1070 et
1814 1009 1953 1070 alibi
1975 1010 2210 1092 passim.

109 1217 167 1267 ad
205 1219 328 1267 hanc
354 1219 768 1284 impossibilitatem
798 1219 960 1268 saltem
991 1218 1116 1267 indi-

109 1310 232 1349 recte
267 1302 597 1350 ostendendam
615 1338 629 1361 ‚
650 1303 836 1350 adducit
859 1303 1118 1349 neotericus

111 1390 270 1428 auctor
285 1380 444 1446 Georg.
463 1381 651 1433 Hermes
666 1419 680 1441 ‚
704 1399 872 1446 nuper
883 1381 1118 1444 theologiae

110 1463 333 1526 professor
348 1466 398 1512 in
424 1465 712 1528 universitate
735 1463 905 1511 Bonnae
923 1499 938 1523 ‚
965 1465 1016 1510 in
1038 1480 1118 1512 sua

110 1541 476 1591 Introductione
485 1543 549 1592 ad
560 1541 1118 1601 christiano-catholicam

112 1622 390 1688 theoloqiam
409 1661 422 1684 ‚
451 1628 708 1690 germanice
734 1636 919 1674 exarata
942 1663 955 1686 ‚
974 1643 1023 1690 p.
1058 1642 1075 1672 1
1103 1662 1116 1686 ‚

115 1701 389 1770 Philosoph.
417 1706 675 1755 introduct.
693 1706 802 1755 edit.
835 1706 1121 1755 2²Munsteri

121 1782 243 1834 1831
274 1803 289 1848 ;
331 1788 414 1835 ubi
452 1793 696 1854 postquam
738 1791 788 1836 in
829 1798 987 1853 quaest.
1033 1805 1114 1848 111,

116 1886 163 1934 p.
197 1868 297 1933 5οᾷ
324 1881 369 1919 et
398 1887 552 1937 seqq.,
581 1872 724 1919 multa
760 1872 952 1921 obscure
984 1882 1122 1938 atque

118 1951 319 2014 implexe
344 1952 552 2000 disseruit
568 1953 624 2000 de
638 1952 930 2017 possibilitate
944 1954 1120 2002 revela-

120 2035 255 2081 tionis
274 2035 632 2098 supernaturalis
649 2073 662 2096 ,
692 2035 882 2084 tandem
904 2036 1121 2085 accedens

118 2117 173 2163 ad
199 2133 274 2164 eas
304 2118 536 2180 generales
563 2118 877 2178 conditiones,
912 2117 1121 2183 aquibus

120 2196 334 2245 revelatio
369 2207 588 2263 tanquam
615 2199 748 2246 realis
782 2209 847 2246 est
874 2197 1087 2247 habenda
1105 2236 1117 2259 ,

118 2294 167 2342 p.
198 2276 294 2326 523
322 2278 415 2326 huc
439 2279 648 2343 generale
674 2281 1077 2327 statuitcriterium
1105 2297 1118 2327 :

121 2356 239 2419 Ibi,
283 2375 371 2408 nec
408 2361 529 2408 alibi
547 2399 560 2421 ‚
599 2361 794 2409 realitaa
829 2369 1120 2427 supernatu-

120 2439 238 2488 ralis
272 2442 453 2491 divinae
495 2442 796 2492 revelationis
837 2443 911 2490 vel
957 2445 1120 2508 cujus-

116 2537 301 2587 cunque
344 2524 573 2572 miracuh'
610 2524 805 2573 admitti
846 2525 1003 2584 debet,
1041 2525 1127 2573 abi

107 2620 201 2669 per
229 2605 374 2670 hujus
400 2608 700 2670 negationem
719 2608 844 2654 ratio
871 2606 1123 2655 theoretica

118 2688 443 2734 necessarium
465 2689 768 2752 principiam
796 2689 988 2752 rejicere
1008 2725 1020 2747 .,
1051 2687 1126 2749 vel

112 2769 332 2829 practica
376 2768 636 2816 indubiam
676 2769 881 2833 officium
911 2769 1124 2817 omittere

118 2858 357 2910 coyeretur
370 2884 386 2910 ,
403 2852 521 2914 quia
541 2852 599 2897 in
629 2858 824 2914 utroque
852 2867 969 2898 casu
997 2852 1121 2899 ratio

118 2929 284 2978 vadem
311 2939 564 2997 seproestat
573 2948 661 2998 pro
676 2934 835 2998 ipsius
854 2933 1066 2981 realitate
1079 2943 1124 2982 et

117 3012 330 3063 veritate.
365 3012 499 3077 Quod
540 3016 819 3079 principium
861 3032 941 3063 seu
989 3019 1122 3065 crite·

118 3092 239 3138 rium
259 3110 285 3140 a
304 3093 434 3142 nullo
458 3112 562 3143 vere
581 3094 818 3144 Catholico
837 3097 1015 3144 admitti
1034 3115 1118 3162 po-

115 3182 203 3222 test
219 3193 231 3233 3
249 3176 357 3224 inde
371 3179 493 3224 enim
511 3189 774 3243 sequeretur
787 3180 1039 3228 humanam
1054 3199 1120 3230 ra·

118 3258 305 3315 tionem,
320 3259 412 3305 sive
430 3258 720 3308 theoreticam
746 3263 839 3309 sive
853 3265 1117 3326 practicam,

117 3355 213 3385 esse
227 3338 432 3403 judicem
450 3355 607 3388 eorum
626 3378 639 3401 ‚
655 3358 757 3408 quae
775 3342 899 3391 Deus
920 3344 1116 3393 revelare

117 3437 170 3469 ac
191 3422 343 3469 moliri
372 3433 540 3486 posset.
569 3422 687 3488 Quid
714 3428 751 3473 si
774 3437 930 3491 agatur
947 3427 1003 3474 de
1024 3429 1079 3475 iis
1099 3465 1111 3487 ‚

116 3518 219 3566 quae
245 3506 416 3552 mentis
452 3514 615 3552 nostrae
640 3515 827 3571 captum
859 3508 1114 3568 excedunt,

115 3587 371 3650 cujusmodi
403 3587 535 3653 plura
568 3598 707 3651 sunt,
744 3607 844 3656 quae
870 3594 919 3640 in
947 3591 1119 3641 revela-

1202 1213 1325 1265 tione
1341 1215 1672 1282 supernaturali
1682 1217 2000 1264 continentur?
2014 1214 2206 1274 Mofiva,

1201 1309 1253 1346 ut
1284 1309 1480 1358 vocant,
1513 1300 1763 1346 extrinseca
1803 1297 2112 1346 credibilitatis
2138 1296 2198 1345 ad

1201 1382 1298 1429 haec
1322 1380 1605 1430 admittenda
1634 1379 1843 1429 sufficere
1871 1379 2075 1442 debent3
2099 1379 2217 1428 alio-

1203 1464 1320 1528 quin
1350 1479 1448 1510 non
1475 1463 1698 1510 rationem
1730 1461 1996 1510 revelationi
2015 1477 2067 1510 ac
2087 1477 2216 1527 mys-

1205 1546 1328 1594 teriis
1348 1581 1362 1605 ‚
1387 1544 1464 1592 sed
1485 1543 1806 1593 revelationem
1832 1560 1884 1593 ac
1901 1547 2114 1610 mysteria
2138 1562 2214 1593 ra-
2291 1573 2294 1576 ⁴

1204 1624 1318 1670 tioni
1335 1622 1685 1689 subjiceremus,
1704 1623 1829 1689 quod
1851 1633 1917 1671 est
1933 1625 2215 1689 principium

1207 1703 1559 1753 Socinianorum
1582 1715 1627 1754 et
1653 1704 2016 1753 incredulorum.
2038 1701 2126 1754 Sed
2155 1705 2214 1754 de

1204 1784 1295 1833 hoc
1334 1795 1517 1834 auctore
1575 1787 1766 1851 ejusque
1812 1794 2052 1851 systemate
2084 1821 2097 1845 ,
2140 1788 2216 1833 cui

1207 1866 1522 1915 adlaborando
1548 1869 1711 1931 viginti
1731 1877 1817 1915 tres
1843 1884 1988 1915 annos
2011 1868 2108 1931 ipse
2134 1869 2211 1914 in-

1206 1949 1383 1997 sudavit
1404 1985 1419 2005 ,
1460 1966 1541 1997 suo
1576 1948 1678 1997 loco
1707 1949 1930 1998 dicemus.
1958 1948 2138 1997 Interea
2166 1948 2216 1996 id
2297 1986 2299 1988 .

1206 2033 1397 2095 graviter
1433 2029 1645 2079 dolemus
1664 2066 1676 2087 ‚
1723 2031 1848 2096 quod
1873 2031 2215 2078 hermesianum

1209 2111 1435 2177 ejusmodi
1467 2113 1722 2159 eversivum
1752 2121 1946 2176 systema
1980 2112 2031 2158 in
2058 2109 2213 2158 West-

1206 2193 1359 2258 phalia
1389 2195 1556 2257 passim
1576 2203 1714 2259 atque
1732 2195 1782 2240 in
1806 2193 2014 2241 Borussia
2034 2195 2084 2240 in
2108 2195 2219 2258 ipsis

1207 2275 1373 2323 scholis
1411 2274 1646 2322 catholicis
1685 2284 1733 2321 et
1769 2276 1986 2339 recipitur
2031 2285 2074 2322 et
2107 2291 2216 2340 pro-

1207 2366 1453 2422 pugnatur.
1767 2420 1772 2425 ι

1276 2438 1383 2487 Hoec
1411 2439 1599 2504 quidem
1633 2440 1694 2487 ita
1726 2456 1774 2487 se
1803 2437 2045 2488 habebant
2063 2473 2077 2498 ‚
2105 2454 2215 2487 cum

1205 2523 1409 2586 primum
1424 2522 1514 2570 hoc
1530 2539 1642 2587 opus
1667 2524 1718 2570 iu
1749 2522 1902 2570 lucem
1920 2521 2089 2586 prodiit
2108 2520 2218 2582 (an-

1207 2621 1269 2650 no
1294 2601 1457 2665 1835),
1473 2614 1770 2669 posteaquam
1792 2621 1898 2652 vero
1917 2605 2135 2651 emissum
2151 2613 2220 2650 cst

1207 2685 1443 2732 decretum
1470 2703 1494 2733 a
1523 2682 1689 2732 Sancta
1716 2684 1834 2732 Sede
1857 2681 2070 2732 adversus
2100 2682 2216 2732 Her-

1208 2769 1337 2814 mesii
1354 2766 1496 2814 libros
1524 2800 1538 2819 ‚
1567 2783 1705 2815 nemo
1730 2765 1993 2814 Catholicus
2016 2764 2212 2814 Herme-

1206 2850 1380 2896 sianam
1426 2849 1682 2898 doctrinam
1722 2850 1773 2896 in
1823 2847 2022 2914 publicis
2048 2845 2217 2896 scholis

1206 2930 1437 2990 tuebitur,
1474 2929 1602 2978 illive
1634 2927 1822 2979 favebit.
1854 2928 1950 2978 Nec
1985 2932 2108 2978 stetit
2134 2947 2217 2994 per

1207 3012 1299 3060 lum
1317 3011 1720 3077 Archiepiscopum
1757 3011 2077 3060 Coloniensem
2093 3049 2106 3072 ,
2133 3014 2215 3077 qui

1204 3106 1425 3159 tanquam
1462 3111 1648 3142 murum
1682 3111 1859 3142 aeneum
1890 3111 1988 3142 sese
2008 3093 2099 3141 illis
2113 3111 2215 3158 per-

1202 3179 1386 3225 niciosis
1409 3176 1692 3224 novitatibus
1709 3179 1944 3242 opposuit,
1965 3179 2214 3243 quominus

1203 3262 1273 3310 vel
1290 3262 1348 3310 ab
1368 3264 1476 3326 ipsis
1506 3264 1669 3310 animis
1700 3263 1976 3310 eraderetur.
2000 3261 2060 3309 At
2075 3262 2209 3310 eheu!

1200 3347 1463 3392 constantiae
1481 3353 1525 3392 et
1538 3335 1818 3393 fortitudinis
1830 3358 2029 3392 suaereus
2059 3343 2214 3391 moles·

1199 3437 1294 3474 tam
1310 3424 1433 3474 subit
1448 3428 1749 3490 captivitatem
1771 3464 1785 3483 ,
1801 3444 1900 3493 quae
1919 3428 2097 3474 utinam
2118 3442 2201 3472 ne-

1206 3525 1297 3574 que
1310 3509 1604 3557 novatoribus
1616 3509 1757 3558 addat
1773 3493 2010 3558 audaciam
2031 3541 2044 3566 ,
2061 3523 2214 3572 neque

1207 3591 1255 3638 in
1275 3605 1395 3639 sanae
1419 3591 1635 3640 doctrinae
1661 3602 1813 3657 vergat
1849 3590 2175 3639 detrimentum
2201 3590 2213 3635 t
2299 3599 2304 3604 ‘
