2554 4140
327 158 444 217 316

977 181 1044 217 DE
1093 178 1241 222 VERA
1285 180 1404 219 REI„
1451 181 1583 223 Anv.
1629 185 1828 224 HETER.

1134 324 1545 379 PROPOSITIO
1587 327 1657 382 X.

325 481 623 540 Sterilitas
684 482 1174 542 Protestantismi
1228 489 1296 543 in
1340 489 1468 543 suis
1525 486 1918 545 missionibus
1970 488 2144 565 apud
2194 490 2451 566 infideles

676 598 900 636 novum
941 590 1028 638 est
1064 583 1261 660 ipsius
1297 583 1595 660 falsitatis
1636 592 2092 662 arqumeutum.

403 781 547 842 241.
598 783 759 870 Inter
775 793 997 844 ceteros
1027 782 1260 845 divinos
1279 784 1641 845 characteres
1669 797 1727 845 et
1746 785 1910 845 dotes
1928 832 1943 860 7
1976 785 2186 868 quibus
2214 797 2454 869 praestat
2518 833 2522 838 .

321 878 609 939 catholica
646 879 892 939 Ecclesia
914 925 931 955 7
979 882 1130 940 mira
1152 881 1337 962 ipsius
1359 881 1708 963 foecunditas
1738 886 1801 941 in
1830 884 2210 944 conversione
2239 883 2452 944 infide-

323 975 471 1035 lium
495 975 674 1036 debet
689 974 998 1035 recenseri.
1030 977 1178 1043 Cum
1207 976 1518 1058 enimipsa
1538 979 1876 1039 missionem
1892 1001 1923 1038 a
1950 979 2185 1065 Christo
2209 968 2457 1062 accepis-

320 1082 411 1132 set
462 1093 570 1154 per
615 1092 680 1130 ea
723 1069 906 1129 verba
953 1092 967 1128 :
1013 1071 1249 1129 Euntes
1281 1093 1401 1151 per
1439 1074 1745 1132 mund-um
1787 1079 2182 1147 universum,
2219 1075 2455 1153 proedi-

319 1171 515 1228 dicate
536 1170 599 1228 E
603 1173 945 1247 vanyelizcm
973 1172 1146 1226 omni
1172 1179 1468 1227 creatur-ce
1483 1191 1503 1234 ‚·
1540 1190 1850 1251 nunquam
1876 1171 2104 1230 destitit
2146 1170 2296 1229 filios
2321 1156 2464 1229 suos·

320 1266 382 1323 in
419 1263 678 1325 diversas
719 1264 984 1344 regiones
1026 1264 1264 1325 mittere
1286 1310 1302 1340 7
1344 1265 1445 1346 qui
1479 1264 1693 1346 spiritu
1734 1285 1873 1324 vere
1900 1266 2214 1347 apostolico
2239 1266 2454 1349 repleti

319 1380 416 1420 eas
440 1360 514 1420 de
537 1358 795 1421 tenebris
816 1358 1183 1420 infidelitatis
1205 1360 1281 1419 ad
1305 1359 1702 1442 evangelicam
1731 1360 1923 1420 lucem
1950 1373 2315 1423 revocarent.
2352 1366 2454 1422 In-

320 1477 601 1515 numeros
621 1467 936 1538 propterea
952 1467 1217 1517 recenset
1232 1502 1249 1532 7
1278 1457 1381 1539 qui
1399 1457 1463 1515 in
1481 1455 1770 1535 ejusmodi
1784 1457 2110 1516 ministerio
2125 1479 2248 1516 non
2266 1456 2456 1517 solum

319 1574 562 1633 magnos
593 1551 975 1612 exantlarunt
1007 1552 1236 1613 labores
1259 1599 1274 1628 7
1318 1552 1423 1612 sed
1457 1563 1515 1612 et
1553 1556 1901 1633 sanguinem
1927 1552 2322 1635 profuderunt
2344 1598 2360 1629 7
2392 1573 2457 1612 ac

320 1647 517 1729 plures
543 1660 823 1729 praeterea
844 1695 861 1723 7
893 1650 996 1731 qui
1020 1641 1226 1731 quovis
1258 1649 1464 1708 saeculo
1488 1659 1615 1708 tum
1635 1649 1964 1731 prophetiae
1994 1660 2120 1708 tum
2157 1649 2457 1728 signorum

321 1745 479 1805 dono
516 1744 689 1804 ditati
716 1744 1068 1825 religionem
1097 1746 1340 1829 mirifice
1367 1757 1790 1828 propagarunt.
1837 1747 1970 1805 Non
1999 1744 2206 1804 solum‘'
2223 1744 2456 1803 nullum

318 1862 568 1921 regnum
597 1841 1024 1923 vel'provincia
1047 1888 1062 1917 7
1090 1841 1195 1901 sed
1219 1863 1327 1902 nec
1355 1842 1540 1921 regie,
1572 1862 1681 1901 nec
1708 1842 1935 1914 civitas7
1964 1862 2072 1901 nec
2095 1841 2260 1901 vicus
2283 1852 2370 1900 est
2392 1842 2454 1899 in

318 1950 444 1997 toto
462 1950 752 1998 terrarum
765 1937 905 1998 orbe
921 1984 938 2014 7
955 1939 1058 2021 qui
1074 1938 1149 1998 ad
1166 1939 1384 1998 Christi
1393 1938 1574 1998 fidem
1587 1937 1757 1998 aliter
1778 1939 2011 2010 venerit
2028 1960 2206 2020 quam
2231 1958 2338 2019 per
2356 1938 2462 1996 Ec-

320 2034 508 2095 clesiae
541 2034 840 2095 catholicae
863 2035 1181 2118 operarios.
1214 2035 1468 2094 Historia
1503 2034 1891 2113 Ecclesiastica
1915 2035 1975 2093 in
2001 2035 2118 2099 suis
2147 2031 2456 2092 annalibus

321 2131 528 2212 quovis
571 2132 695 2192 fere
741 2131 949 2191 saeculo
993 2131 1252 2213 aliquam
1296 2143 1534 2211 gentem
1577 2130 1673 2192 vel
1714 2131 2015 2210 regionem
2059 2129 2238 2189 refert
2261 2173 2277 2203 7
2325 2149 2456 2209 quae

324 2226 708 2305 Evangelium
744 2226 1016 2309 amplexa
1041 2228 1117 2286 sit
1144 2250 1250 2310 per
1289 2228 1584 2308 operarios
1609 2249 1642 2285 a
1671 2227 1949 2286 Romanis
1975 2222 2352 2286 Pontificibus
2379 2222 2457 2283 ad

319 2322 765 2404 praedicandum
789 2325 993 2382 missos
1019 2323 1130 2404 (1).
2173 2336 2177 2339 '

400 2418 543 2478 242.
592 2420 892 2478 Haereticae
923 2430 1093 2479 sectae
1117 2440 1149 2478 e
1176 2430 1381 2478 contra
1411 2439 1644 2500 semper
1679 2419 1987 2478 sterilitate
2018 2441 2051 2478 a
2083 2421 2203 2478 Deo
2233 2417 2454 2477 multa-

321 2523 397 2573 tae
429 2525 599 2591 sunt,
634 2513 780 2584 adeo
813 2524 880 2572 ut
907 2513 1070 2573 nulla
1102 2513 1354 2596 proferri
1387 2514 1570 2597 possit
1597 2535 1738 2593 gens
1760 2560 1776 2588 7
1818 2535 1997 2595 quam
2034 2512 2349 2595 aliquando
2378 2509 2452 2571 ab

391 2708 459 2771 (l)
498 2706 549 2756 S.
579 2708 880 2757 Innocentius
904 2717 969 2756 1¹¹⁵
985 2710 1082 2774 jam
1108 2707 1273 2756 saeculo
1295 2725 1338 2763 v,
1429 2680 1651 2755 secuniloe
1683 2705 2158 2770 Britanniarumque
2184 2703 2459 2772 Episcopos

319 2793 550 2857 epist.xxv
561 2790 628 2838 ad
637 2789 923 2839 Decentium
941 2788 1115 2856 Episc.
1135 2790 1186 2838 E
1189 2790 1341 2855 uyub.

320 2875 500 2939 scripsit
528 2890 542 2921 ε
568 2873 694 2922 Cum
720 2874 786 2920 sit
807 2873 1123 2937 manifestum
1153 2874 1210 2920 in
1243 2890 1343 2920 om-

318 2973 427 3004 nem
459 2953 692 3013 Italiam,
741 2954 932 3004 Gallias
953 2993 966 3014 7
995 2956 1301 3022 Hispaniam
1327 2992 1341 3017 7

320 3040 547 3105 Africam
606 3049 749 3105 atque
790 3036 1021 3090 Siciliam
1061 3048 1107 3087 et
1154 3037 1340 3087 insulas

319 3123 654 3188 interjacentes
672 3121 864 3170 nullum
889 3123 1158 3171 instituisse
1178 3121 1227 3169 E
1227 3121 1347 3170 ccle-

321 3206 422 3252 sias
451 3206 554 3252 nisi
584 3222 660 3253 eos
681 3244 693 3266 7
717 3222 834 3271 quos
863 3203 1157 3254 venerabilis
1182 3206 1346 3270 Apos-

321 3286 442 3334 tolus
482 3276 656 3335 Petrus
686 3297 774 3337 aut
799 3290 903 3355 ejus
923 3304 1211 3337 successores
1230 3304 1348 3336 con-

326 3371 573 3419 stituerint
613 3371 909 3420 Sacerdotes.
981 3371 1122 3420 Addit
1192 3380 1347 3421 autem

321 3453 384 3503 D.
404 3453 631 3503 Constant
649 3456 698 3502 in
728 3461 861 3503 notat
888 3472 914 3503 c
945 3473 959 3504 :
985 3454 1221 3504 Hilarius
1244 3456 1307 3503 iis
1331 3493 1345 3517 7

322 3538 411 3601 qui
437 3552 539 3584 una
555 3534 683 3601 fidei
698 3538 1032 3587 communione
1051 3555 1110 3587 ac
1125 3540 1349 3587 societate

322 3618 675 3684 copulabantur
695 3658 709 3680 7
728 3618 906 3667 librum
932 3620 990 3668 de
1005 3618 1046 3669 S
1048 3621 1220 3686 ynodis
1234 3603 1349 3670 sera:-

324 3702 460 3764 bens,
477 3718 588 3771 cum
604 3702 774 3752 iisdem
793 3699 1070 3753 Germanice
1083 3706 1266 3770 primoe
1304 3713 1348 3753 et

1426 2797 1656 2855 recenset.
1693 2786 1791 2838 His
1837 2790 1885 2836 si
1927 2788 2263 2855 arifjunqantur
2294 2790 2451 2837 varice

1426 2869 1617 2920 Illirici
1632 2873 1907 2938 provincias
1925 2909 1939 2931 7
1978 2887 2098 2938 quas
2130 2870 2455 2919 Innocentius

1427 2954 1561 3022 epist.
1602 2968 1688 3004 xm
1712 2992 1726 3015 7
1756 2974 1805 3003 n.
1838 2971 1868 3003 2
1897 2993 1910 3016 7
1935 2971 2074 3003 suam
2102 2956 2160 3003 in
2187 2971 2268 3002 eas
2301 2957 2453 3003 vicem

1428 3038 1555 3104 Rufo
1573 3040 1870 3086 committens
1886 3075 1900 3100 ,
1917 3046 2126 3086 recenset
2146 3074 2160 3094 ,
2191 3037 2452 3094 dioceseon,

1426 3138 1533 3187 quae
1566 3121 1632 3170 ad
1660 3121 1933 3170 Romanum
1974 3118 2374 3168 Patriarchatum
2390 3126 2457 3167 at-

1426 3207 1585 3254 tinent
1602 3242 1615 3266 7
1645 3206 1766 3252 satis
1794 3212 2022 3253 accurata
2043 3185 2303 3251 habebitur
2336 3218 2455 3250 enu-

1427 3288 1645 3337 meratio,
1673 3286 1743 3335 De
1771 3285 1967 3351 Anglia’7
1999 3285 2221 3334 Hibernia
2240 3322 2254 3345 7
2279 3281 2451 3345 scotia,

1412 3373 1667 3438 =Hungaria
1690 3408 1703 3432 7
1728 3370 1919 3419 Polonia
1936 3408 1950 3428 ‚
1970 3371 2254 3437 reliquisque
2271 3379 2454 3434 septen-

1430 3455 1700 3503 trionalium
1764 3456 2007 3520 regionum
2060 3452 2273 3518 gentibus
2318 3488 2332 3509 7
2393 3449 2454 3498 ad

1428 3537 1600 3587 Christi
1651 3538 1792 3586 fidem
1844 3538 2077 3587 conversis
2131 3535 2450 3583 Romanorum

1430 3620 1712 3669 Pontificum
1768 3619 2013 3669 sedulitate
2051 3614 2452 3684 subsequentibus

1432 3704 1719 3771 temporibus
1744 3742 1756 3765 7
1789 3722 1858 3754 res
1894 3704 2205 3769 vulgatissima
2229 3712 2311 3750 est.
