2554 4140
678 122 832 160 paor.
881 124 937 160 v.
986 103 1053 160 im
1096 125 1246 165 ecci..
1290 123 1518 161 cunm..
2039 93 2156 158 257

137 267 271 325 119.
317 265 586 346 Sequitur
616 265 682 324 40
716 264 946 324 nullum
975 265 1101 325 dari
1123 286 1289 345 posse
1324 264 1646 325 Concilium
1676 286 1813 325 vere
1837 266 2161 324 oecumeni-

59 383 191 421 cum
214 407 229 436 ,
269 382 370 419 seu
408 371 830 442 repraesentans
867 361 1199 420 universam
1246 359 1552 420 Ecclesiam
1576 406 1593 436 ,
1643 359 1862 442 absque
1901 362 2166 419 Romano

62 457 337 516 Pontifice
353 500 370 528 ‚
392 455 492 536 qui
514 500 543 530 ,V
559 476 691 514 cum
702 455 782 525 sit
803 465 979 537 caput
1008 451 1267 513 Ecclesiae
1284 498 1302 525 ‚
1328 453 1437 513 hoc
1461 455 1587 534 ipso
1617 466 1706 514 est
1733 467 1908 536 caput
1931 454 2171 515 Concilii

64 551 439 623 oecumenici,
489 549 647 631 quod
692 547 852 608 illam
890 557 1313 626 repraesentare
1349 546 1561 620 debet,
1611 560 1671 606 et
1714 549 1871 630 quod
1915 549 2172 631 alioquin

62 658 211 706 esset
242 644 605 727 acephalum,

152 741 289 799 120.
333 739 607 820 Sequitur
652 736 890 795 demum
930 735 1182 815 ineptire
1210 734 1474 794 factiosos
1510 736 1795 816 quosdam
1829 740 2136 822 scriptores
2159 785 2177 816 ,

67 836 167 917 qui
201 835 407 899 dicunt
433 835 766 908 Romanum*
797 830 1138 890 Pontificem
1165 851 1288 889 esse
1314 834 1592 911 signum,
1631 834 1910 891 veoeillum
1929 881 1944 902 ‚
1981 841 2180 916 siqni-

57 932 264 1007 fhrum
309 925 683 988 unitatissvel
724 935 898 1006 caput
938 928 1368 995 ministeriale,
1419 947 1540 984 non
1600 936 1798 985 autem
1841 927 2181 1009 simpliciter

64 1035 278 1105 capnt,
317 1030 622 1090 centrum,
645 1021 913 1080 radicem
937 1021 1115 1102 ipsius
1141 1021 1380 1080 unitatis
1406 1021 1519 1102 (1).

883 1225 1365 1269 DlF'FICULTATES.

194 1346 210 1366 x
1555 1361 1566 1374 -.

148 1395 282 1452 121.
326 1393 458 1473 Obj.
498 1394 710 1476 primo.
748 1393 811 1450 10
849 1391 1015 1452 Fides
1049 1391 1394 1462 inhEcclesia
1423 1394 1725 1455 immutari
1744 1396 1940 1477 potuit
1967 1399 2185 1458 sensim

68 1491 192 1549 sine
223 1509 432 1563 sensu,
481 1498 548 1546 ut
584 1489 689 1561 fit,
733 1485 919 1550 donec
953 1487 1199 1546 mutatio
1229 1489 1338 1546 ista
1375 1488 1621 1548 evaserit
1667 1490 2050 1563 universalis;
2095 1493 2181 1552 nil

68 1584 288 1662 mirum.
307 1584 482 1663 igitur
502 1627 518 1656 ‚
546 1583 593 1640 si
616 1582 892 1663 assignari
915 1603 1037 1640 non
1062 1582 1245 1663 possit
1272 1581 1491 1664 epocha
1515 1594 1670 1643 certa
1697 1584 1952 1645 inductae
1976 1588 2188 1646 immu-

71 1662 325 1737 tationis.
373 1678 442 1736 20
490 1676 787 1751 Addatur‚
833 1676 1117 1758 quasdam
1164 1678 1434 1737 veritates
1477 1690 1537 1737 et
1575 1678 1847 1758 dogmata
1875 1678 2181 1762 progressu

72 1773 354 1855 temporis
385 1771 679 1832 obscurari
707 1774 879 1855 posse
906 1818 922 1847 ,
967 1784 1278 1855 propterea
1321 1783 1514 1832 stante
1558 1773 1666 1832 hac
1708 1775 2025 1842 universali
2049 1800 2192 1859 qua-

70 1869 342 1928 rumdam
379 1870 696 1929 veritatum
731 1867 1118 1940 obscuritate,
1158 1888 1319 1927 error
1351 1866 1633 1949 obrepere
1661 1869 1930 1930 facillime
1957 1873 2187 1952 potuitg

68 1986 222 2044 ergo,

159 2059 294 2118 122.
343 2060 514 2140 Resp.
555 2058 645 2118 Ad
674 2059 752 2117 lm
772 2102 788 2133 .,
813 2059 966 2139 Ney.
1002 2057 1273 2140 Alioquin
1296 2060 1592 2140 promissis
1610 2059 1870 2124 Christus
1895 2062 2201 2136 defuisset,

74 2153 232 2235 quod
266 2154 516 2236 impium
559 2164 647 2212 est
679 2173 951 2212 asserere.
994 2155 1325 2232 Ignorantia
1364 2164 1424 2213 et
1466 2176 1629 2214 error
1676 2154 1803 2214 dari
1840 2170 2087 2237 possunt
2128 2160 2188 2217 in

74 2249 318 2331 privatis
374 2248 690 2309 individuis
717 2294 733 2325 ‚
792 2270 1100 2331 nunquam
1143 2270 1280 2308 vero
1321 2250 1385 2307 in
1432 2249 1679 2309 Ecclesia
1720 2251 1883 2332 ipsaz,
1930 2251 2195 2312 Christus

71 2344 266 2417 enim,
303 2355 369 2402 ut
405 2344 670 2426 superius
701 2343 989 2418 diximu8‚
1023 2346 1437 2425 promissiones
1468 2368 1597 2404 suas
1635 2358 1694 2405 et
1733 2346 2034 2427 privilegia
2068 2371 2191 2408 non

71 2438 311 2519 privatis
352 2449 412 2497 et
452 2437 838 2517 singularibus
881 2442 1179 2520 personiS,
1244 2439 1347 2499 sed
1402 2443 1635 2500 miitati
1687 2444 1990 2504 concessit.
2037 2443 2190 2505 Alias

72 2553 302 2614 semper
331 2534 537 2594 incerti
576 2531 861 2593 fluctuare
896 2533 1262 2594 deberemus.

161 2627 297 2687 123.
351 2627 436 2687 Ad
471 2628 555 2686 2ω
577 2673 594 2702 ‚
630 2628 780 2708 Neq.
812 2629 1064 2709 pariter3
1104 2628 1391 2710 siquidem
1416 2630 1700 2706 ejusmodi
1722 2631 2065 2693 universalis
2097 2633 2197 2693 ob-

146 2862 212 2922 (1)
245 2861 314 2910 Ita
352 2863 522 2926 passim
558 2860 829 2909 Jansenistae
868 2877 921 2908 ac
946 2859 1092 2909 Pisto·
1179 2859 1259 2909 De
1272 2862 1446 2926 capitis
1461 2860 1794 2910 ministerialis
1808 2855 2196 2913 denominatione

78 2945 247 2992 rienses
268 2981 280 3004 ,
310 2940 558 3009 praesertim
588 2959 696 2991 vero
719 2942 992 2991 Tamburini
1012 2981 1026 3004 ‚
1045 2946 1096 2990 in
1177 2942 1396 2989 Romano
1443 2941 1684 3006 Pontifici
1709 2943 1940 2991 attributa
1959 2981 1972 3003 ‚
2005 2945 2075 2992 sic
2109 2961 2193 2993 eco-

77 3045 160 3075 sua
198 3023 376 3075 Ethica
396 3063 410 3086 ,
440 3036 554 3074 tom.
578 3042 594 3072 1
621 3063 636 3087 ‚
670 3043 772 3091 pag.
807 3024 903 3073 252
934 3036 1093 3091 etseq.
1170 3024 1355 3089 plicata
1375 3063 1388 3082 ‚
1435 3034 1488 3072 ut
1539 3027 1788 3074 Romanus
1833 3026 2066 3091 Pontifex
2093 3045 2195 3077 non

78 3121 216 3175 atque
233 3111 284 3156 in
304 3127 385 3157 sua
411 3107 611 3178 Analisi
629 3107 746 3156 delle
771 3109 1097 3174 prescrizioni
1176 3125 1207 3155 a
1233 3107 1422 3156 Christo
1452 3110 1506 3156 in
1524 3126 1734 3174 persona
1759 3110 1889 3158 beati
1915 3111 2087 3173 Petri,
2114 3113 2197 3162 sed

78 3193 135 3241 di
172 3190 502 3252 Tertulliano,
551 3190 579 3258 ᾗ
608 3190 698 3255 4ο,
734 3189 827 3248 60,
870 3190 938 3259 69
960 3229 971 3249 ‚
1005 3203 1091 3240 etc.
1178 3191 1238 3238 ab
1270 3189 1491 3240 Ecclesia
1507 3200 1785 3257 potestatem
1820 3194 2088 3242 ministerii
2100 3212 2194 3253 „ac-

81 3281 126 3322 et
142 3275 191 3321 in
212 3271 403 3321 catech.
428 3272 623 3321 Gourlin
641 3311 655 3333 ‚
678 3284 793 3322 tom.
832 3291 845 3321 ι
865 3309 880 3335 ,
918 3291 1022 3339 cap.
1041 3290 1093 3340 9,
1179 3272 1329 3336 cipiat
1349 3307 1363 3333 ,
1391 3289 1486 3336 qua
1506 3271 1633 3320 velut
1654 3273 1798 3321 Petri
1822 3290 2063 3323 successor
2077 3312 2091 3338 ,
2114 3293 2192 3323 ve-

80 3353 177 3420 §3,
205 3373 254 3419 p.
277 3354 396 3420 273.
419 3353 744 3403 Denominatio
776 3372 882 3403 vero
919 3357 1097 3420 capitis
1178 3370 1263 3402 rus
1292 3353 1481 3402 Christi
1496 3357 1710 3403 vicarius
1732 3373 1788 3404 oc
1802 3358 1947 3405 totius
1961 3354 2194 3406 Ecclesioe

81 3435 414 3485 ministerialis
431 3472 443 3494 ‚
456 3436 630 3486 tributa
646 3436 851 3487 Romano
864 3437 1097 3498 Pontifici,
1177 3446 1322 3502 caput
1332 3436 1473 3504 pollet
1501 3439 1565 3486 in>
1579 3441 1807 3488 universa
1825 3437 2047 3490 Ecclesia
2060 3460 2080 3498 ;
2100 3438 2194 3487 hae-

82 3521 331 3583 proscripta
355 3517 445 3566 fuit
466 3520 516 3566 in
552 3517 888 3567 Constitutione
920 3519 990 3567 Pii
1011 3537 1055 3567 vn
1077 3557 1089 3579 ‚
1178 3522 1338 3569 retica.

86 3600 344 3657 Auctorem
364 3600 484 3665 fidei
497 3638 511 3662 ‚
531 3611 786 3667 prop.nm⁸‚
811 3602 889 3655 hic
907 3603 1058 3651 verbis
1072 3619 1089 3654 s

246 3683 308 3740 T.
347 3682 388 3741 1.
1870 3682 1941 3741 17
