2554 4140
281 118 401 178 358
921 140 991 175 nn
1036 138 1184 176 VERA
1219 138 1342 176 nm.
1392 138 1528 176 ΑΝ.
1576 138 1778 176 aaran.

279 286 452 366 ligi0;
479 306 601 343 non
631 303 768 344 vero
797 281 871 340 ab
902 283 1029 364 ipsa
1060 281 1355 341 enascitur
1393 281 1594 362 religio
1615 327 1632 357 7
1670 302 1801 364 quae
1831 278 2098 342 absolute
2135 295 2286 346 stare
2313 309 2422 370 po-

283 385 399 441 test
425 380 649 460 absque
683 377 972 457 ejusmodi
1002 379 1393 460 expressione.

277 548 285 557 ι
367 475 511 536 320.
547 474 686 554 Obj.
707 486 937 556 quarta.
967 477 1123 534 Deus
1143 475 1268 557 ipse
1284 474 1659 534 commendat
1674 473 2046 533 tolerantiam
2064 476 2418 556 religiosam:

289 572 352 630 1⁰
376 574 530 632 Deus
559 571 718 633 enim
736 617 752 648 ,
789 573 982 654 inquit
1006 571 1287 631 Salvador
1310 571 1425 649 (l)7
1453 591 1650 630 creare
1675 569 1860 631 voluit
1886 570 2106 631 coelum
2124 593 2188 630 ao
2209 583 2425 633 terram

287 669 352 727 in
375 668 601 728 bonum
619 670 889 728 omnium
908 668 1237 727 hominum.
1266 668 1334 725 20
1358 667 1568 726 Foedus
1587 667 1758 726 inivit
1779 688 1914 725 eum
1931 669 2058 735 Noe
2082 679 2428 728 cunctorum

289 764 604 825 hominum
624 777 891 848 parente.
914 765 981 824 30
997 766 1225 844 Moyses
1243 784 1438 844 neque
1453 762 1654 822 allexit
1675 786 1869 846 neque
1894 763 2132 846 impulit
2157 786 2237 823 un
2247 786 2426 846 quam

289 882 556 921 socerum
589 884 759 921 suum
782 860 859 920 ad
886 857 1308 941 relinquendos
1339 857 1479 917 deos
1501 881 1653 919 suos,
1681 860 1747 918 40
1776 863 1933 919 Bona
1964 861 2173 920 Noemi
2199 861 2427 922 dicebat

289 956 536 1016 nuribus
576 958 692 1016 suis
723 981 736 1015 z
776 957 902 1027 Ite,
930 956 1318 1014 revertimini
1342 954 1423 1011 ad
1436 957 1738 1033 populum
1770 968 2032 1015 vestrum
2053 1005 2069 1026 ,
2097 968 2153 1015 et
2174 959 2261 1017 ad
2277 960 2429 1018 Deos

286 1063 502 1112 vestros
552 1052 776 1133 (Ruth.
829 1052 885 1126 Ι,
925 1050 1002 1108 12
1023 1050 1071 1129 )
1129 1049 1196 1107 5⁰
1247 1049 1442 1127 Legati
1493 1049 1712 1130 ,Iephte
1756 1050 2087 1133 loquuntur
2130 1075 2253 1112 non
2302 1054 2429 1113 sine

288 1149 669 1209 veneratione
699 1146 772 1206 de
804 1148 1021 1206 Kamos
1056 1146 1532 1205 Ammonitarum
1561 1146 1681 1203 Deo
1709 1144 1780 1226 (J
1788 1146 1883 1204 ud.
1910 1149 1991 1206 xl
2012 1193 2028 1222 7
2054 1149 2134 1207 24
2153 1150 2195 1229 ).
2228 1150 2294 1207 60
2324 1151 2430 1208 Mi-

294 1245 482 1304 chaeas
529 1264 866 1326 progressus
909 1254 996 1302 est
1035 1264 1105 1302 eo
1145 1262 1364 1323 usque7
1414 1252 1483 1301 ut
1523 1241 1751 1300 ratione
1792 1240 2028 1301 formali
2070 1264 2135 1302 ac
2174 1245 2427 1324 positiva

289 1340 782 1423 praenuneiaverit
807 1350 1076 1422 tempora
1102 1338 1426 1399 tolerantiae
1455 1336 1739 1418 generalis
1778 1337 2154 1398 :Concident
2175 1339 2429 1422 (populi)

280 1438 516 1518 gladios
543 1458 680 1496 suos
707 1440 779 1495 in
803 1458 1135 1495 vomer-38...
1176 1456 1297 1494 non
1330 1446 1530 1494 sumet
1553 1456 1701 1515 qens
1728 1427 2018 1493 adversus
2047 1446 2280 1515 gentem
2308 1443 2432 1516 yla-

287 1536 529 1593 dz'um....
555 1539 705 1613 quia
731 1555 932 1592 omnes
947 1535 1176 1613 populi
1207 1534 1627 1591 ambulabunt
1650 1536 2071 1610 unusquisque
2100 1535 2167 1590 in
2193 1536 2436 1591 nomine

287 1633 408 1692 Dei
443 1634 546 1690 sui
565 1651 585 1698 ,·
624 1651 732 1688 nos
763 1641 965 1689 autem
1006 1630 1464 1689 ambulabimus
1508 1635 1575 1687 in
1620 1633 1865 1687 nomine
1899 1628 1933 1708 (
1955 1628 2273 1707 Johovah)
2318 1631 2440 1688 Dei

287 1732 483 1786 nostri
507 1733 575 1786 ln
604 1738 901 1786 ceter-num
925 1738 980 1785 et
1009 1729 1194 1785 ultra.
1235 1726 1355 1786 cfr.
1377 1726 1536 1784 Isaiae
1566 1727 1650 1802 11,
1683 1725 1756 1800 [ις
1786 1745 1942 1805 ergo,

373 1823 514 1883 321.
566 1826 737 1906 Resp.
761 1824 913 1904 Neq.
937 1834 1131 1883 anteo.
1166 1823 1256 1883 Ad
1292 1825 1403 1900 ΙΨ,
1436 1826 1598 1883 Dz'st.
1635 1824 1699 1883 in
1723 1821 1949 1882 bonum
1969 1822 2234 1896 omnium
2258 1822 2444 1881 homi-

292 1943 441 1980 num
469 1941 665 1980 creare
699 1920 883 1981 voluit
914 1920 1130 1981 coelum
1169 1931 1229 2005 et
1268 1932 1490 1979 terram
1512 1966 1527 1994 7
1568 1932 1634 1979 ut
1671 1941 1876 1978 omnes
1919 1919 2190 1978 homines
2213 1965 2228 1995 7
2262 1919 2442 1979 tantis

288 2016 722 2099 benefieiis-per
758 2039 894 2076 eum
929 2016 1242 2092 cumulati7
1286 2039 1421 2077 eum
1458 2017 1716 2077 colerent
1754 2039 1819 2077 ac
1852 2016 2030 2096 digno
2068 2015 2346 2099 obsequio
2381 2026 2443 2077 et

291 2135 488 2174 amore
526 2126 1024 2197 prosequerentur
1046 2160 1060 2187 7
1098 2137 1262 2192 cono.
1283 2136 1304 2184 ,·
1346 2126 1410 2172 ut
1440 2114 1892 2174 sioostenderet
1930 2114 2043 2173 sibi
2079 2113 2310 2196 plaeere
2344 2125 2442 2172 to-

290 2209 604 2270 lerantiam
632 2210 995 2290 religiosam7
1026 2212 1086 2269 id
1117 2223 1206 2270 est
1225 2258 1240 2286 7
1278 2212 1546 2293 omnium
1575 2212 2061 2293 superstitionum
2085 2209 2439 2271 foedissima-

293 2328 428 2365 rum
456 2307 713 2381 cultum7
746 2329 998 2387 eumque
1029 2307 1283 2388 probare
1308 2354 1323 2381 7
1365 2330 1498 2387 neq.
1537 2308 1677 2381 Quis
1717 2308 1877 2367 enim
1906 2319 2029 2367 tam
2060 2306 2309 2365 stultum
2332 2327 2440 2364 ne-

292 2403 378 2461 fas
419 2405 483 2461 in
524 2404 789 2461 animum
825 2403 1067 2461 inducat
1111 2425 1283 2460 suum
1326 2403 1442 2460 nisi
1482 2402 1734 2462 atheus?
1782 2404 1841 2461 Si
1886 2403 2031 2484 quid
2067 2402 2289 2464 valeret
2329 2402 2440 2459 hoe

293 2508 709 2578 argumentum
746 2498 869 2556 sive
910 2497 1171 2556 inductio
1209 2497 1386 2577 judaei
1422 2497 1757 2580 philosophi
1801 2498 2119 2571 Salvador7
2168 2497 2230 2555 id
2263 2498 2439 2556 etiam

294 2605 639 2675 sequeretur
660 2640 675 2667 7
715 2593 874 2675 quod
907 2616 1126 2675 nempe
1158 2598 1281 2654 Deo
1312 2594 1615 2676 placerent
1651 2594 1965 2653 homicidia
1987 2639 2002 2668 7
2041 2593 2226 2665 furta,
2270 2591 2438 2651 blas-

291 2690 547 2773 phemiae
569 2737 584 2766 7
627 2690 962 2773 flagitiaque
987 2691 1183 2749 omnia
1206 2737 1222 2765 7
1268 2693 1328 2749 in
1364 2712 1493 2773 quae·
1526 2691 1794 2750 homines
1831 2690 2056 2750 scelesti
2093 2690 2259 2768 facile
2291 2691 2439 2750 adeo

291 2786 720 2869 prolabuntur3
752 2809 887 2847 cum
918 2799 976 2846 et
999 2810 1107 2870 pro
1139 2789 1278 2870 ipsis
1305 2789 1594 2854 creaverit
1616 2791 1769 2847 Deus
1791 2787 2007 2848 coelum
2033 2799 2092 2846 et
2115 2799 2355 2859 terram,
2382 2798 2442 2846 et

279 2885 495 2962 pluere
513 2872 715 2963 faeiat
735 2906 921 2964 super
929 2889 1131 2963 justos
1157 2896 1210 2942 ec
1236 2889 1512 2966 injustos.
1551 2887 1824 2944 Attamen
1850 2884 2218 2943 adversarius
2237 2896 2441 2943 noster

272 2978 352 3037 -id
379 2980 557 3038 etiam
591 3001 711 3062 prae
741 2980 919 3039 oculis
959 2981 1172 3040 habeat
1196 3027 1211 3055 7
1239 2983 1429 3041 Deum
1463 3003 1679 3063 nempe
1705 3002 1925 3039 creasse
1957 2980 2178 3062 pariter
2204 2979 2439 3062 paradi—

292 3096 424 3133 sum
449 3088 509 3134 et
536 3077 837 3135 infernum
856 3122 872 3151 ‚
907 3089 975 3135 ut
1004 3100 1113 3159 pro
1145 3079 1368 3137 meritis
1406 3090 1540 3159 post
1564 3088 1918 3160 praesentem
1951 3078 2134 3138 vitam
2164 3077 2439 3137 decernat

295 3170 390 3228 vel
415 3173 655 3251 praemia
681 3173 776 3233 vel
804 3195 1031 3256 poenas,
1065 3177 1219 3233 Deus
1247 3174 1489 3256 quidem
1521 3174 1649 3234 vult
1679 3196 1750 3233 ex
1783 3175 1980 3232 animo
2018 3195 2221 3232 omnes
2244 3173 2439 3231 homi-

289 3289 393 3326 nes
427 3267 619 3329 salvos
654 3271 818 3345 fieri7
859 3283 1035 3353 atque
1081 3274 1168 3329 ad
1203 3277 1573 3353 aynitz'onam
1619 3275 1891 3332 veritatis
1929 3272 2146 3331 venire.
2188 3270 2357 3344 Quod
2391 3271 2437 3328 si

286 3361 555 3424 homines
589 3364 953 3444 desciscunt7
981 3369 1029 3427 si
1058 3368 1291 3428 malunt
1316 3367 1737 3452 cupiditatibus
1770 3368 2078 3449 indulgere
2101 3413 2117 3441 7
2154 3378 2214 3426 et
2250 3366 2436 3425 colere
2523 3391 2526 3397 ¹

287 3480 462 3550 opera
487 3483 773 3521 manuum
796 3486 1031 3524 suarum
1053 3511 1068 3539 7
1101 3477 1160 3524 et
1190 3467 1314 3527 veri
1339 3468 1442 3527 Dei
1466 3482 1482 3547 ‘7
1518 3465 1619 3547 qui
1651 3465 1788 3524 fecit
1814 3465 1942 3524 illos
1961 3511 1977 3540 7
2005 3463 2265 3524 oblivisci
2283 3509 2301 3536 7
2331 3461 2436 3520 etsi

353 3646 419 3713 (1')
437 3650 662 3701 Histoire
683 3654 765 3702 des
788 3656 1092 3704 institutions
1108 3656 1165 3705 de
1182 3658 1346 3706 Movzse
1366 3692 1380 3718 ‚
1407 3634 1510 3725 pag.
1553 3672 1663 3705 120.
