2554 4140
298 173 418 232 ’278
932 191 1001 227 DE
1046 192 1196 227 VERA
1242 192 1362 228 am„
1411 192 1545 231 Auv.
1595 195 1794 233 numa.

302 358 436 396 cum
471 344 661 393 totum
707 329 866 417 istud
919 332 1365 413 supernaturale
1412 344 1662 413 systema
1705 347 1943 419 captum
1982 341 2222 403 rationis
2257 366 2428 406 exce-

302 432 502 504 deret,
542 429 703 508 signa
745 426 1097 502 ediderunt,
1146 427 1244 518 ‘vel
1283 430 1502 491 motiva
1545 430 1944 492 credibilitatis
1988 452 2381 518 exposuerunt
2409 486 2426 516 ‚

298 539 362 586 ut
402 525 751 606 rationabile
791 536 942 585 esset
987 547 1190 585 eorum
1225 525 1570 610 obsequium
1608 549 1742 608 erga
1776 529 1973 590 fidem.
2020 533 2188 606 Quod
2230 546 2431 597 tamen

297 634 526 705 spectat
550 622 627 680 ad
651 622 927 682 veritates
964 621 1117 703 ipsas
1138 666 1155 697 ,
1199 635 1376 703 prout
1410 624 1472 681 in
1501 645 1561 683 se
1594 635 1763 699 sunt,
1803 625 1863 684 id
1888 648 2121 709 semper
2155 641 2432 712 expostu-

295 718 497 778 larunt
513 764 527 792 ,
558 729 624 776 ut
648 739 852 777 omnes
875 719 1244 800 captivarent
1267 717 1637 779 intellectum
1657 767 1672 795 ,
1698 733 1764 779 ut
1786 743 1883 781 eas
1911 724 2250 800 crederent,
2278 747 2435 786 com·

295 815 593 875 minantes
645 825 890 875 aeternas
945 836 1152 896 poenas
1211 813 1344 890 his,
1405 817 1506 897 qui
1551 838 1644 876 eas
1698 817 1935 879 credere
1993 819 2433 882 detrectassent.

295 913 598 993 Quotquot
625 909 874 992 proinde
906 910 1319 985 crediderunt,
1361 911 1736 972 crediderunt
1767 913 1841 972 ob
1880 916 2291 977 auctoritatem
2327 919 2437 978 Ec·-

294 1006 477 1068 clesiae
497 1053 513 1083 ,
561 1027 688 1089 quae
711 1004 1038 1064 testabatur
1062 1026 1095 1062 a
1135 1004 1366 1063 Christo
1391 1027 1492 1066 seu
1516 1028 1550 1066 a
1579 1010 1700 1067 Deo
1735 1031 1795 1069 se
1829 1031 1923 1069 eas
1953 1013 2263 1092 accepisse.

388 1103 529 1162 176.
579 1105 830 1182 Propter
872 1097 1247 1159 infallibilem
1290 1099 1445 1159 hanc
1479 1102 1740 1163 Ecclesiae
1785 1105 2078 1169 catholicae
2119 1109 2436 1167 auctorita-

302 1211 423 1261 tem
446 1245 462 1274 7
490 1197 775 1258 divinitus
798 1196 1132 1254 institutam
1155 1241 1171 1271 ‚
1202 1195 1403 1255 fideles
1429 1218 1634 1257 omnes
1658 1197 1766 1258 has
1789 1211 1850 1259 et
1869 1223 1989 1261 non
2018 1203 2156 1262 alias
2174 1203 2439 1263 credide-

299 1306 444 1356 runt
479 1293 754 1354 veritates
782 1303 1088 1373 tamquam
1120 1291 1372 1352 totidem
1404 1291 1542 1352 fidei
1573 1293 1878 1369 articuIOS,
1911 1295 2016 1356 has
2047 1309 2107 1357 et
2135 1321 2258 1357 non
2296 1298 2438 1359 alias

301 1391 671 1452 admiserunt
707 1387 1050 1447 traditiones
1085 1398 1391 1469 tamquam
1429 1387 1713 1451 divinitus
1757 1403 2020 1474 acceptas
2045 1438 2061 1468 ,
2090 1393 2200 1453 hos
2230 1406 2289 1454 et
2316 1417 2439 1455 non

302 1489 445 1548 alios
469 1486 778 1547 canonicos
799 1484 979 1544 libros
1005 1497 1313 1567 tamquam
1341 1485 1624 1547 divinitus
1649 1487 1961 1569 inspiratos
1978 1534 1993 1564 7
2016 1493 2186 1567 juxta
2211 1489 2439 1550 celebre

303 1585 610 1666 Augustini
642 1583 884 1643 effatum
921 1605 935 1642 :
973 1583 1104 1663 Eyo
1139 1604 1273 1642 vero
1305 1583 1366 1642 Ε
1373 1585 1637 1663 vanyelio
1666 1605 1789 1643 non
1826 1586 2153 1655 crederem,
2188 1590 2318 1645 nisi
2348 1607 2444 1645 me

300 1684 602 1769 catholicoe
642 1682 927 1740 Ecclesia·
963 1690 1353 1738 commoveret
1375 1683 1708 1739 auctoritas
1744 1681 1856 1762 (l).
1909 1682 2232 1762 Augustino
2265 1683 2443 1765 praei-

301 1790 469 1840 verat
485 1779 542 1837 S.
568 1781 850 1851 Irenaeus.,
883 1775 1159 1835 eumdem
1177 1797 1416 1834 sensum
1435 1777 1803 1855 exprimenS‚
1835 1775 1979 1836 dum
1995 1778 2076 1836 ait
2096 1823 2111 1853 ,
2145 1800 2268 1836 non
2285 1777 2445 1860 apud

302 1875 443 1935 alios
483 1872 862 1956 quaerendam
902 1872 1214 1932 veritatem
1261 1893 1442 1952 quam
1482 1871 1642 1954 apud
1683 1872 2033 1950 Ecclesiam3
2080 1895 2222 1932 cum
2251 1875 2443 1954 Apos-

302 1975 436 2043 toli,
478 1971 674 2053 inquit
699 2016 715 2045 7
761 1971 945 2050 quasi
984 1973 1053 2027 in
1097 1969 1535 2048 depositarium
1588 1969 1750 2027 dives
1788 1971 2145 2049 plenissime
2188 1973 2258 2028 in
2300 1991 2437 2028 eam

301 2070 669 2129 contulerint
714 2070 957 2136 omnia,
1008 2086 1142 2145 quae
1192 2068 1318 2124 sint
1370 2068 1671 2136 veritatis,
1730 2076 1804 2123 ut
1850 2069 2049 2125 omnis
2098 2069 2447 2146 quicunque

307 2167 478 2236 velit,
525 2174 731 2222 sumat
764 2184 835 2221 ea*
873 2183 942 2220 ea
972 2172 1191 2241 potum
1233 2164 1391 2220 vitoe.
1443 2162 1594 2221 Hoec
1633 2172 1718 2220 est
1742 2166 1907 2221 enim
1949 2165 2087 2222 vitae
2124 2165 2449 2231 introitus,

307 2272 421 2319 etc.
459 2260 548 2338 (2)
571 2284 586 2332 ς
620 2258 833 2318 deinde
859 2258 1122 2339 exposita
1151 2257 1513 2316 successione
1538 2257 1932 2318 Ecclesiarum
1959 2257 2413 2341 apostolicarum
2431 2301 2449 2332 ‚

310 2377 375 2414 ac
396 2356 687 2436 praecipue
703 2352 965 2412 Ecclesiae
982 2355 1261 2412 Romanae
1278 2399 1294 2426 ,
1327 2373 1360 2411 a
1377 2353 1587 2434 quibus
1608 2354 1925 2434 quaerenda
1944 2355 2161 2416 veritas
2176 2400 2191 2429 .‚
2217 2351 2451 2413 conclu·

311 2451 398 2510 dit
446 2474 460 2509 :
512 2453 646 2510 Hac
699 2451 1079 2509 ordinatione
1121 2459 1178 2507 et
1216 2455 1579 2507 successione
1623 2471 1694 2507 ea
1735 2472 1870 2528 quoe
1912 2461 1994 2508 est
2032 2453 2114 2508 ab
2158 2449 2452 2529 Apostolis

309 2549 561 2606 traditio
603 2557 659 2605 et
697 2548 973 2604 veritatis
1022 2549 1454 2624 praeconizatio
1500 2547 1785 2624 pervenit
1835 2566 2020 2623 usque
2063 2546 2149 2603 ad
2188 2565 2293 2602 nos
2335 2541 2443 2623 (3).

310 2644 625 2703 Praeiverat
672 2643 728 2700 S.
778 2640 1166 2722 polycarpus,
1228 2641 1327 2722 qui
1371 2662 1442 2700 ex
1486 2640 1825 2699 testimonio
1867 2638 2130 2718 ejusdem
2178 2638 2380 2698 Irenaei
2427 2659 2441 2694 :

325 2740 438 2799 Vir
476 2741 664 2798 multo
708 2736 961 2816 major-is
1002 2741 1383 2797 auctoritatis
1439 2747 1495 2795 et
1539 2737 1777 2815 fidelior
1829 2740 2098 2795 veritatis
2152 2746 2237 2793 est
2292 2738 2451 2792 testis

312 2857 500 2915 quam
573 2836 928 2897 Valentinus
970 2845 1025 2892 et
1073 2834 1351 2895 Marcion
1393 2844 1451 2892 et
1488 2835 1746 2913 reliqui,
1801 2837 1915 2912 qui
1963 2842 2109 2891 sunt
2151 2850 2452 2911 perversae

312 2938 636 2993 sententiae.
667 2932 739 2991 H
736 2937 793 2990 ic
822 2932 1028 2990 docuit
1057 2953 1321 3011 semper,
1355 2952 1489 3011 quoe
1516 2931 1595 2988 ab
1632 2931 1927 3009 Apostolis
1955 2930 2287 3000 didicerat,
2317 2948 2453 3006 quoe

317 3029 590 3087 Ecclesia
643 3029 935 3103 tradidit,
992 3039 1047 3085 et
1095 3029 1219 3086 sola
1271 3037 1419 3086 sunt
1472 3048 1612 3086 vera
1654 3023 1760 3106 (4).
1805 3025 2123 3087 Praeiverat
2182 3025 2452 3084 Clemens

389 3275 451 3338 (l)
491 3275 595 3322 Lib.
622 3275 801 3322 Contra
829 3281 970 3342 epist.
992 3275 1309 3340 fundamenti
1326 3312 1340 3338 ,
1430 3272 1602 3341 κλῇε-ίῳ
1626 3271 1881 3340 παράδοσις
1902 3312 1914 3333 ‚
1946 3272 2023 3323 noti
2049 3271 2101 3323 τὲ
2129 3278 2210 3329 vn}
2237 3270 2450 3330 ἀληθείαις

323 3377 426 3423 cap.
462 3377 510 3415 v,
540 3376 586 3404 n.
621 3356 674 3407 6.
1428 3356 1643 3424 κήρυγμα,
1676 3355 1946 3412 κατήντηκεν
1982 3362 2040 3411 εἷς
2074 3360 2216 3421 η’μὸἷς.
2248 3357 2298 3406 S.
2331 3357 2449 3404 lren.

392 3442 457 3502 (2)
478 3441 548 3489 St.
573 3440 695 3489 Iren.
718 3440 897 3489 Contra
911 3441 1111 3490 haereses
1128 3480 1140 3502 ‚
1159 3442 1245 3490 lib.
1267 3460 1340 3503 ιιι,
1434 3441 1615 3488 Contra
1629 3439 1844 3500 koereses,
1862 3441 1950 3489 lib.
1967 3458 2039 3500 ιιι,
2059 3459 2161 3506 cap.
2181 3440 2210 3487 3
2233 3477 2245 3498 ‚
2266 3457 2310 3503 p.
2340 3435 2452 3503 176,

319 3542 418 3589 cap.
445 3522 493 3586 4.
1430 3526 1540 3574 edit.
1581 3523 1786 3572 Maurin.
1992 3520 1995 3522 ¹

390 3605 454 3668 (3)
493 3610 562 3673 Τῇ
593 3606 709 3673 azir?
738 3605 893 3667 τέξει,
933 3604 1009 3655 na}
1043 3613 1101 3664 τῆ
1133 3610 1247 3676 αὐτῇ
1271 3606 1343 3657 ‹51-
1495 3607 1561 3669 (ἃ)
1585 3611 1898 3672 ,Μαρτυροῦα-ιν
1931 3603 2104 3658 vair-occ
2145 3605 2191 3652 a?
2223 3598 2346 3651 κατ-οἶ
2373 3598 2449 3656 τᾶν

321 3686 451 3756 dax?
487 3685 565 3744 »ἴτε
600 3685 692 3738 dm)
722 3694 803 3737 τῶ
831 3687 1098 3739 dono-dam
1123 3691 1160 3739 ἐι
1182 3696 1242 3746 τῆ
1272 3690 1342 3739 ε’κ-
1423 3686 1577 3738 'Ao-low
1624 3687 1865 3743 {nnana-lou
1907 3695 2055 3739 πᾶσ-οιι
2078 3725 2092 3753 ‚
2132 3683 2208 3736 nal
2245 3687 2282 3734 οἱ
2306 3682 2447 3749 μέχρι
