2554 4140
583 126 739 164 paor.
785 126 868 164 111.
914 128 981 162 mi
1025 125 1176 163 Eccr.
1225 127 1338 163 sot.
1386 126 1500 163 mr.
1554 126 1683 163 Rev.
2070 104 2190 161 229

84 269 274 352 potuit
304 267 500 327 statim
528 279 792 327 constare
818 264 1055 346 singulis
1083 264 1373 344 Episcopis
1399 265 1494 326 vel
1523 265 1785 325 Ecclesiis
1813 264 2191 346 particulari-v

82 363 191 422 bus
208 408 225 437 ‚
253 384 324 422 ex
344 362 550 444 quibus
572 362 816 421 Ecclesia
839 357 1184 420 universalis
1210 357 1479 417 coalescit
1500 403 1516 433 .,
1542 359 1616 419 de
1637 360 1708 418 iis
1724 405 1740 435 .,
1769 380 1896 442 quae
1923 358 2190 441 Apostoli

82 459 204 518 sive
227 459 359 519 viva
385 478 525 517 voce
546 502 562 530 ,
595 459 714 517 sive
737 455 960 536 scriptis
985 449 1369 530 singularibus
1392 451 1486 511 vel
1503 453 1793 535 Episcopis
1816 455 1910 514 vel
1928 454 2187 514 Ecclesiis-

82 553 517 611 commiserunt,
544 551 688 610 Inde
701 561 839 608 ortae
865 544 1216 628 quandoque
1240 544 1335 605 vel
1350 546 1609 604 eXcitatae
1631 551 2035 609 controversiae
2061 551 2183 611 sive

82 648 230 707 circa
264 668 577 706 numerum
619 643 898 702 librorum
931 639 1340 698 canonicorum
1362 683 1377 713 ,
1414 640 1534 700 sive
1558 640 1707 699 circa
1746 644 2054 703 veritatem
2075 644 2184 703 ali-

82 764 330 823 quarum
363 740 742 800 traditionum
763 780 780 807 ‚
817 735 938 794 sive
975 732 1215 793 demum
1239 733 1385 792 circa
1416 721 2001 812 legitimumsensum
2035 760 2186 818 quo-

78 836 349 896 rumdam
390 835 691 914 Scripturae
743 829 1003 888 locorum
1032 874 1048 903 ,
1095 827 1279 887 donec
1327 826 1554 890 ,collatis
1608 828 1891 909 suffragiis
1934 831 2181 893 Ecclesia

77 931 344 993 universa
369 928 566 989 divina
597 924 707 1006 ope
741 922 976 983 suffulta
1003 922 1077 982 de
1118 923 1200 982 eis
1241 922 1719 985 determinaverit
1739 923 1859 984 'seu
1897 923 2180 1003 judicium

78 1025 276 1086 tulerit
300 1024 412 1103 (1).
1072 1020 1073 1023 ’
1993 1020 1995 1022 ’
2133 1039 2137 1042 ·

155 1119 252 1177 57.
297 1120 442 1177 Inst.
476 1118 620 1196 Ergo
659 1115 918 1175 Ecclesiae
953 1114 1099 1174 fides
1133 1137 1255 1174 non
1291 1136 1524 1197 semper
1554 1117 1858 1176 uniformis
1885 1119 2010 1177 fuit.

154 1211 253 1272 58.
298 1214 468 1293 Resp.
493 1212 549 1269 Si
567 1232 757 1269 sermo
779 1209 854 1268 sit
876 1209 949 1268 de
970 1209 1161 1290 aliqua
1182 1208 1559 1270 difformitate
1576 1205 1825 1293 positiva
1846 1255 1863 1287 .,
1892 1224 2181 1293 quatenus
2215 1229 2218 1233 ·

72 1306 168 1364 alii
191 1307 475 1365 contraria
507 1304 599 1388 vel
619 1304 845 1364 diversa
877 1302 1181 1363 crederent
1198 1348 1214 1377 .,
1249 1325 1378 1383 neq..
1411 1300 1567 1363 Side
1594 1298 1967 1366 difformitate
1996 1302 2183 1387 nega-¹

73 1405 192 1464 tiva
220 1449 236 1479 ,
287 1404 458 1463 subd.
498 1400 689 1483 quoad
736 1396 1014 1460 Ecclesia's
1060 1397 1297 1480 aliquas
1325 1399 1422 1460 vel
1461 1395 1832 1482 particularia·
1874 1402 2178 1464 individua

74 1497 218 1557 circa
246 1508 463 1580 puncta
497 1494 766 1555 nondum
794 1494 1032 1553 definita
1051 1539 1067 1567 ‚
1100 1504 1289 1552 trans.
1316 1493 1411 1555 vel
1433 1502 1622 1562 conc.,·
1641 1489 1838 1577 'qand
1863 1489 2173 1557 Ecclesiam

72 1591 491 1665 universalem,
543 1614 674 1672 neq.
729 1592 879 1649 Voco
925 1600 1123 1648 autem
1163 1589 1601 1657 difformitatem
1642 1591 1967 1670 negativam
2010 1592 2181 1651 illam

72 1688 360 1749 diversam
402 1685 690 1754 sentiendi
736 1686 1023 1744 rationem
1053 1730 1068 1759 a
1112 1705 1240 1766 quae
1284 1683 1579 1744 oriebatur
1624 1685 1718 1746 vel
1758 1685 1946 1744 adhuc
1989 1688 2172 1746 oritur

72 1785 218 1844 circa
269 1782 611 1864 quaestiones
652 1779 919 1840 nondum
962 1778 1243 1861 eliquatas
1291 1778 1388 1839 vel
1440 1776 1708 1839 definitas
1738 1826 1753 1855 ,
1808 1803 1935 1863 quae
1976 1783 2171 1863 potius
2232 1842 2238 1846 ,

71 1878 342 1961 provenit
363 1898 435 1937 ex
455 1877 709 1936 carentia
742 1874 1083 1955 cognitionis
1112 1895 1290 1956 quam
1312 1895 1384 1934 ex
1407 1875 1650 1961 positiva
1676 1874 1867 1957 aliqua
1894 1877 2166 1950 scientia3

74 1994 274 2033 omnes
298 1984 498 2032 tamen
534 1972 613 2030 ita
650 1970 839 2029 affecti
874 1981 1072 2043 erant,
1111 1981 1288 2051 prout
1318 1990 1550 2052 semper
1584 1982 1754 2045 sunt,
1797 1980 1864 2029 ut
1894 1970 2172 2052 implicite

69 2067 369 2129 crederent
410 2088 475 2126 ea
519 2067 712 2125 omnia
735 2111 751 2139 7
797 2086 925 2146 quae
967 2075 1248 2145 tanquam
1303 2063 1580 2125 divinitus
1633 2064 1886 2125 revelata
1943 2076 2172 2125 teneret

518 2224 556 2253 Ι

130 2383 200 2450 (l)
236 2382 305 2432 Ex
321 2383 393 2431 his
411 2392 561 2448 patet,
585 2381 934 2431 celeberrimum
947 2380 1065 2429 Vin·
1143 2396 1352 2446 semper,
1382 2380 1559 2446 ubique
1604 2391 1648 2429 et
1679 2379 1735 2429 ab
1772 2380 1990 2430 omnibns
2018 2381 2168 2429 credi·

59 2467 196 2516 centii
212 2465 463 2514 Lirinensis
485 2464 677 2513 effatum
690 2502 706 2523 ,
728 2463 854 2529 quod
864 2479 1064 2529 semper,

59 2547 184 2612 quod
206 2547 380 2612 ubique
394 2582 409 2608 ,
437 2547 562 2612 quod
580 2546 643 2594 ab
676 2545 896 2593 omnibus
913 2544 1066 2593 credi-

59 2638 161 2677 tum
187 2638 364 2677 estesse
389 2628 641 2677 tenendum
662 2644 678 2691 3
696 2627 813 2675 illud
833 2628 931 2675 fuse
950 2627 1068 2676 evol·

58 2713 124 2759 vit
142 2728 194 2761 n.
218 2710 268 2770 3,
282 2708 334 2774 4,
353 2710 404 2770 5,
420 2710 635 2759 adversus
653 2709 885 2757 haereticos
906 2710 957 2755 in
983 2725 1066 2756 suo
1099 2745 1103 2748 .

63 2790 437 2840 Commonitorio
455 2828 470 2851 ‚
501 2807 648 2856 eoque
668 2789 885 2838 nonnulli
906 2807 959 2838 ex
993 2807 1066 2838 re-

58 2874 335 2922 centioribus
347 2873 642 2939 scriptoribus
656 2872 784 2921 abusi
796 2881 903 2920 sunt
915 2871 971 2920 ad
983 2881 1067 2919 sta-

56 2955 280 3003 tuendam
296 2958 450 3006 nescio
469 2972 610 3021 quam
624 2956 942 3003 auctoritatem
959 2955 1066 3001 uni·-

56 3035 275 3086 versalem
290 3036 663 3102 generishumani
679 3047 729 3084 ut
743 3037 852 3085 fidei
865 3036 1069 3084 christia·

57 3132 128 3164 nae
141 3117 289 3165 basim
306 3135 321 3180 3
339 3135 433 3166 non
449 3127 518 3167 est
543 3111 697 3168 autem
713 3117 1065 3182 intelligendum

56 3200 145 3247 nisi
161 3201 212 3246 in
226 3216 362 3248 sensu
383 3236 396 3260 ‚
414 3210 468 3248 ut
483 3200 643 3256 dicunt
658 3238 672 3261 ,
693 3200 900 3266 positivo
916 3237 930 3260 ‚
950 3217 1067 3265 qua·-

56 3290 193 3330 tenus
224 3298 391 3346 nempe
409 3318 421 3342 ,
455 3282 579 3346 quod
598 3298 779 3348 semper
797 3320 810 3342 ‚
846 3293 933 3330 etc.
971 3299 1069 3329 non

56 3366 194 3430 possit
207 3381 302 3411 non
318 3381 410 3413 esse
430 3381 589 3413 verum
608 3402 620 3424 ‚
642 3375 720 3413 aut
744 3383 839 3414 non
853 3382 905 3413 ex
924 3364 1067 3413 tradi-

55 3448 177 3495 tione
199 3445 444 3510 apostolica
465 3446 738 3496 descendere
761 3468 774 3508 ς
797 3464 892 3496 non
909 3458 1064 3497 autem

56 3528 106 3574 in
145 3546 281 3576 sensu
319 3528 534 3592 neqativo
553 3565 567 3584 ,
618 3531 680 3576 ita
713 3539 766 3577 ut
798 3548 956 3580 verum
990 3541 1069 3579 ant

56 3619 232 3659 certum
272 3629 366 3660 non
402 3613 456 3659 sit
507 3610 786 3660 censendum
838 3612 1066 3678 quidquid

1142 2473 1244 2511 tum
1286 2462 1447 2512 saltem
1497 2463 1716 2528 explicite
1760 2464 1955 2511 minime
1996 2460 2170 2513 fueriti

1143 2545 1351 2610 alioquin
1382 2555 1541 2593 actum
1581 2555 1696 2594 esset
1725 2545 1783 2593 de
1809 2545 2160 2593 authenticitate

1143 2637 1188 2675 et
1212 2628 1515 2679 canonicitate
1531 2629 1744 2674 omnium
1760 2626 1985 2674 librorum
2006 2662 2020 2685 ‚
2037 2642 2156 2690 quos

1143 2708 1576 2756 deuterocanonicos
1604 2708 1838 2770 dicimus3
1870 2707 1997 2773 quod
2025 2720 2162 2770 pror-

1144 2807 1221 2837 sus
1249 2788 1503 2837 absurdum
1548 2798 1647 2849 est,
1684 2798 1824 2854 atque
1855 2806 1882 2836 a
1922 2787 2157 2838 Vincentii
2209 2814 2214 2818 ·

1144 2870 1392 2918 Lirinensis
1424 2880 1578 2919 mente
1596 2872 1788 2918 omnino
1815 2870 2019 2918 alienum
2040 2907 2054 2930 ‚
2077 2872 2161 2936 qui

1144 2952 1346 3017 profecto
1381 2969 1477 3000 non
1510 2952 1750 3017 ignorabat
1791 2954 1977 3015 agitatas
2004 2951 2158 3011 adhuc

1145 3051 1224 3082 sua
1256 3044 1388 3082 aetate
1420 3034 1491 3082 vel
1519 3033 1656 3098 paulo
1697 3043 1804 3082 ante
1827 3035 2153 3083 controversias

1145 3118 1262 3164 circa
1276 3132 1506 3164 sacrorum
1531 3115 1758 3165 librorum
1773 3118 2122 3164 canonicitatem
2138 3133 2153 3180 3

1145 3208 1191 3246 et
1217 3197 1405 3247 aliunde
1434 3207 1613 3246 constat
1643 3215 1854 3247 successu
1892 3207 2153 3262 temporum

1145 3290 1354 3329 sexcenta
1399 3280 1536 3328 fuisse
1573 3278 1633 3328 ab
1674 3279 1876 3329 Ecclesia
1926 3280 2117 3328 definita
2138 3315 2151 3338 ‚

1146 3378 1249 3428 quae
1277 3363 1402 3426 prius
1426 3398 1440 3422 ,
1480 3362 1689 3411 nondum
1735 3364 1844 3411 ortis
1876 3361 2153 3417 haeresibus,

1146 3462 1246 3510 quae
1260 3446 1484 3494 solemnes
1503 3446 1729 3513 ejusmodi
1746 3446 2034 3495 definitiones
2052 3459 2158 3507 pro-

1146 3538 1361 3577 vocarunt
1394 3565 1406 3587 ,
1460 3530 1644 3577 nonnisi
1714 3526 1946 3593 implicite
2001 3523 2172 3574 crede-1

1145 3610 1329 3661 bantur.
