<?xml version="1.0" encoding="UTF-8"?>
<!DOCTYPE html PUBLIC "-//W3C//DTD XHTML 1.0 Transitional//EN"
    "http://www.w3.org/TR/xhtml1/DTD/xhtml1-transitional.dtd">
<html xmlns="http://www.w3.org/1999/xhtml" xml:lang="en" lang="en">
 <head>
  <title>
</title>
<meta http-equiv="Content-Type" content="text/html;charset=utf-8" />
  <meta name='ocr-system' content='tesseract 3.04.00' />
  <meta name='ocr-capabilities' content='ocr_page ocr_carea ocr_par ocr_line ocrx_word'/>
</head>
<body>
  <div class='ocr_page' id='page_1' title='image "a603693801perruoft_0374.png"; bbox 0 0 2554 4140; ppageno 0'>
   <div class='ocr_carea' id='block_1_1' title="bbox 285 106 407 165">
    <p class='ocr_par' dir='ltr' id='par_1_1' title="bbox 285 106 407 165">
     <span class='ocr_line' id='line_1_1' title="bbox 285 106 407 165; baseline 0.016 -1"><span class='ocrx_word' id='word_1_1' title='bbox 285 106 407 165; x_wconf 78' lang='lat'><strong>350</strong></span> 
     </span>
    </p>
   </div>
   <div class='ocr_carea' id='block_1_2' title="bbox 905 125 1787 163">
    <p class='ocr_par' dir='ltr' id='par_1_2' title="bbox 905 125 1787 163">
     <span class='ocr_line' id='line_1_2' title="bbox 905 125 1787 163; baseline 0 -2"><span class='ocrx_word' id='word_1_2' title='bbox 905 127 973 162; x_wconf 76' lang='lat' dir='ltr'><strong>DE</strong></span> <span class='ocrx_word' id='word_1_3' title='bbox 1020 126 1170 163; x_wconf 60' lang='lat' dir='ltr'><strong>VERA</strong></span> <span class='ocrx_word' id='word_1_4' title='bbox 1217 125 1340 162; x_wconf 69' lang='lat' dir='ltr'><strong>REL-</strong></span> <span class='ocrx_word' id='word_1_5' title='bbox 1392 126 1523 162; x_wconf 77' lang='lat' dir='ltr'><strong>Anv.</strong></span> <span class='ocrx_word' id='word_1_6' title='bbox 1574 125 1787 162; x_wconf 78' lang='lat' dir='ltr'><strong>HETER.</strong></span> 
     </span>
    </p>
   </div>
   <div class='ocr_carea' id='block_1_3' title="bbox 284 264 2423 541">
    <p class='ocr_par' dir='ltr' id='par_1_3' title="bbox 284 264 2423 541">
     <span class='ocr_line' id='line_1_3' title="bbox 284 264 2422 352; baseline -0 -22"><span class='ocrx_word' id='word_1_7' title='bbox 284 269 561 352; x_wconf 69' lang='lat' dir='ltr'><strong>pessima,</strong></span> <span class='ocrx_word' id='word_1_8' title='bbox 578 264 790 352; x_wconf 79' lang='lat' dir='ltr'><strong>agendi</strong></span> <span class='ocrx_word' id='word_1_9' title='bbox 811 266 1041 326; x_wconf 80' lang='lat' dir='ltr'><strong>ratione</strong></span> <span class='ocrx_word' id='word_1_10' title='bbox 1067 266 1135 326; x_wconf 77' lang='lat' dir='ltr'><strong>fit</strong></span> <span class='ocrx_word' id='word_1_11' title='bbox 1155 311 1170 340; x_wconf 72' lang='grc'><em>,</em></span> <span class='ocrx_word' id='word_1_12' title='bbox 1201 276 1268 324; x_wconf 89' lang='lat' dir='ltr'><strong>ut</strong></span> <span class='ocrx_word' id='word_1_13' title='bbox 1287 265 1385 325; x_wconf 90' lang='lat' dir='ltr'><strong>isti</strong></span> <span class='ocrx_word' id='word_1_14' title='bbox 1413 268 1810 326; x_wconf 79' lang='lat' dir='ltr'><strong>protestantes</strong></span> <span class='ocrx_word' id='word_1_15' title='bbox 1835 265 2068 325; x_wconf 86' lang='lat' dir='ltr'><strong>nullum</strong></span> <span class='ocrx_word' id='word_1_16' title='bbox 2095 270 2422 352; x_wconf 80' lang='lat' dir='ltr'><strong>percipiant</strong></span> 
     </span>
     <span class='ocr_line' id='line_1_4' title="bbox 291 360 2421 447; baseline 0 -23"><span class='ocrx_word' id='word_1_17' title='bbox 291 364 764 425; x_wconf 83' lang='lat' dir='ltr'><strong>emolumentum</strong></span> <span class='ocrx_word' id='word_1_18' title='bbox 805 383 877 421; x_wconf 73' lang='lat' dir='ltr'><strong>ex</strong></span> <span class='ocrx_word' id='word_1_19' title='bbox 918 360 1203 441; x_wconf 84' lang='lat' dir='ltr'><strong>ejusmodi</strong></span> <span class='ocrx_word' id='word_1_20' title='bbox 1236 363 1754 444; x_wconf 69' lang='lat' dir='ltr'><strong>temperamentiS‚</strong></span> <span class='ocrx_word' id='word_1_21' title='bbox 1801 363 2014 422; x_wconf 85' lang='lat' dir='ltr'><strong>veritas</strong></span> <span class='ocrx_word' id='word_1_22' title='bbox 2061 362 2253 444; x_wconf 89' lang='lat' dir='ltr'><strong>potius</strong></span> <span class='ocrx_word' id='word_1_23' title='bbox 2282 387 2421 447; x_wconf 91' lang='lat' dir='ltr'><strong>pro-</strong></span> 
     </span>
     <span class='ocr_line' id='line_1_5' title="bbox 285 455 2423 541; baseline 0.001 -23"><span class='ocrx_word' id='word_1_24' title='bbox 285 459 463 518; x_wconf 81' lang='lat' dir='ltr'><strong>datur</strong></span> <span class='ocrx_word' id='word_1_25' title='bbox 489 503 506 534; x_wconf 67' lang='lat'>,</span> <span class='ocrx_word' id='word_1_26' title='bbox 544 470 606 518; x_wconf 90' lang='lat' dir='ltr'><strong>et</strong></span> <span class='ocrx_word' id='word_1_27' title='bbox 634 457 972 520; x_wconf 82' lang='lat' dir='ltr'><strong>vacillantes</strong></span> <span class='ocrx_word' id='word_1_28' title='bbox 1000 455 1284 519; x_wconf 80' lang='lat' dir='ltr'><strong>Catholici</strong></span> <span class='ocrx_word' id='word_1_29' title='bbox 1311 458 1374 518; x_wconf 89' lang='lat' dir='ltr'><strong>in</strong></span> <span class='ocrx_word' id='word_1_30' title='bbox 1407 459 1656 518; x_wconf 79' lang='lat' dir='ltr'><strong>extremi</strong></span> <span class='ocrx_word' id='word_1_31' title='bbox 1684 458 1846 518; x_wconf 85' lang='lat' dir='ltr'><strong>exitii</strong></span> <span class='ocrx_word' id='word_1_32' title='bbox 1873 456 2200 541; x_wconf 85' lang='lat' dir='ltr'><strong>pericnlum</strong></span> <span class='ocrx_word' id='word_1_33' title='bbox 2237 456 2423 520; x_wconf 76' lang='lat' dir='ltr'><strong>addu-</strong></span> 
     </span>
    </p>
   </div>
   <div class='ocr_carea' id='block_1_4' title="bbox 283 556 622 636">
    <p class='ocr_par' dir='ltr' id='par_1_4' title="bbox 283 556 622 636">
     <span class='ocr_line' id='line_1_6' title="bbox 283 556 622 636; baseline -0.003 -21"><span class='ocrx_word' id='word_1_34' title='bbox 283 566 496 615; x_wconf 87' lang='lat' dir='ltr'><strong>cantur</strong></span> <span class='ocrx_word' id='word_1_35' title='bbox 510 556 622 636; x_wconf 91' lang='lat' dir='ltr'><strong>(l).</strong></span> 
     </span>
    </p>
   </div>
   <div class='ocr_carea' id='block_1_5' title="bbox 1118 705 1610 748">
    <p class='ocr_par' dir='ltr' id='par_1_5' title="bbox 1118 705 1610 748">
     <span class='ocr_line' id='line_1_7' title="bbox 1118 705 1610 748; baseline 0.004 -2"><span class='ocrx_word' id='word_1_36' title='bbox 1118 705 1610 748; x_wconf 83' lang='lat' dir='ltr'><strong>DIFFICULTATES.</strong></span> 
     </span>
    </p>
   </div>
   <div class='ocr_carea' id='block_1_6' title="bbox 288 827 2434 1135">
    <p class='ocr_par' dir='ltr' id='par_1_6' title="bbox 288 827 2434 1135">
     <span class='ocr_line' id='line_1_8' title="bbox 371 827 2434 943; baseline 0 -24"><span class='ocrx_word' id='word_1_37' title='bbox 371 859 514 920; x_wconf 87' lang='lat'><strong>300..</strong></span> <span class='ocrx_word' id='word_1_38' title='bbox 539 859 673 939; x_wconf 86' lang='lat' dir='ltr'><strong>Obj.</strong></span> <span class='ocrx_word' id='word_1_39' title='bbox 702 860 914 942; x_wconf 87' lang='lat' dir='ltr'><strong>prima.</strong></span> <span class='ocrx_word' id='word_1_40' title='bbox 948 827 1107 919; x_wconf 66' lang='lat' dir='ltr'><strong>Deus</strong></span> <span class='ocrx_word' id='word_1_41' title='bbox 1129 856 1455 918; x_wconf 86' lang='lat' dir='ltr'><strong>delectatur</strong></span> <span class='ocrx_word' id='word_1_42' title='bbox 1478 860 1700 919; x_wconf 82' lang='lat' dir='ltr'><strong>rituum</strong></span> <span class='ocrx_word' id='word_1_43' title='bbox 1725 871 1783 919; x_wconf 87' lang='lat' dir='ltr'><strong>et</strong></span> <span class='ocrx_word' id='word_1_44' title='bbox 1806 860 2284 920; x_wconf 86' lang='lat' dir='ltr'><strong>caeremoniarum</strong></span> <span class='ocrx_word' id='word_1_45' title='bbox 2310 861 2434 943; x_wconf 90' lang='lat' dir='ltr'><strong>qui-</strong></span> 
     </span>
     <span class='ocr_line' id='line_1_9' title="bbox 289 952 2432 1036; baseline -0 -19"><span class='ocrx_word' id='word_1_46' title='bbox 289 957 400 1017; x_wconf 82' lang='lat' dir='ltr'><strong>bus</strong></span> <span class='ocrx_word' id='word_1_47' title='bbox 425 957 636 1017; x_wconf 86' lang='lat' dir='ltr'><strong>colitur</strong></span> <span class='ocrx_word' id='word_1_48' title='bbox 662 958 948 1018; x_wconf 82' lang='lat' dir='ltr'><strong>varietate</strong></span> <span class='ocrx_word' id='word_1_49' title='bbox 967 1001 982 1029; x_wconf 66' lang='lat'>,</span> <span class='ocrx_word' id='word_1_50' title='bbox 1010 952 1515 1036; x_wconf 81' lang='lat' dir='ltr'><strong>quemadmodum</strong></span> <span class='ocrx_word' id='word_1_51' title='bbox 1529 954 1800 1030; x_wconf 85' lang='lat' dir='ltr'><strong>homines</strong></span> <span class='ocrx_word' id='word_1_52' title='bbox 1816 957 2115 1016; x_wconf 84' lang='lat' dir='ltr'><strong>fructuum</strong></span> <span class='ocrx_word' id='word_1_53' title='bbox 2141 969 2200 1017; x_wconf 90' lang='lat' dir='ltr'><strong>et</strong></span> <span class='ocrx_word' id='word_1_54' title='bbox 2217 957 2432 1017; x_wconf 86' lang='lat' dir='ltr'><strong>florum</strong></span> 
     </span>
     <span class='ocr_line' id='line_1_10' title="bbox 288 1050 2433 1135; baseline -0.002 -20"><span class='ocrx_word' id='word_1_55' title='bbox 288 1057 352 1114; x_wconf 89' lang='lat' dir='ltr'><strong>in</strong></span> <span class='ocrx_word' id='word_1_56' title='bbox 376 1054 566 1114; x_wconf 78' lang='lat' dir='ltr'><strong>hortis</strong></span> <span class='ocrx_word' id='word_1_57' title='bbox 583 1099 603 1129; x_wconf 58' lang='lat'><strong>‚5</strong></span> <span class='ocrx_word' id='word_1_58' title='bbox 621 1053 918 1135; x_wconf 85' lang='lat' dir='ltr'><strong>principes</strong></span> <span class='ocrx_word' id='word_1_59' title='bbox 933 1050 1261 1109; x_wconf 81' lang='lat' dir='ltr'><strong>officiorum</strong></span> <span class='ocrx_word' id='word_1_60' title='bbox 1281 1060 1340 1108; x_wconf 79' lang='lat' dir='ltr'><strong>et</strong></span> <span class='ocrx_word' id='word_1_61' title='bbox 1355 1050 1764 1109; x_wconf 77' lang='lat' dir='ltr'><strong>ministrorum</strong></span> <span class='ocrx_word' id='word_1_62' title='bbox 1783 1051 2163 1112; x_wconf 81' lang='lat' dir='ltr'><strong>multitudine</strong></span> <span class='ocrx_word' id='word_1_63' title='bbox 2179 1054 2239 1111; x_wconf 89' lang='lat' dir='ltr'><strong>in</strong></span> <span class='ocrx_word' id='word_1_64' title='bbox 2263 1053 2433 1134; x_wconf 79' lang='lat' dir='ltr'><strong>regiis</strong></span> 
     </span>
    </p>
   </div>
   <div class='ocr_carea' id='block_1_7' title="bbox 290 1294 1354 3686">
    <p class='ocr_par' dir='ltr' id='par_1_7' title="bbox 290 1294 1354 3686">
     <span class='ocr_line' id='line_1_11' title="bbox 290 1294 1324 1360; baseline -0.002 -13"><span class='ocrx_word' id='word_1_65' title='bbox 290 1298 470 1348; x_wconf 85' lang='lat' dir='ltr'><strong>biblica</strong></span> <span class='ocrx_word' id='word_1_66' title='bbox 489 1295 727 1346; x_wconf 72' lang='lat' dir='ltr'><strong>Ecclesiae</strong></span> <span class='ocrx_word' id='word_1_67' title='bbox 751 1296 855 1347; x_wconf 83' lang='lat' dir='ltr'><strong>Dei</strong></span> <span class='ocrx_word' id='word_1_68' title='bbox 873 1335 887 1359; x_wconf 65' lang='lat' dir='ltr'><strong>a.</strong></span> <span class='ocrx_word' id='word_1_69' title='bbox 906 1296 1131 1346; x_wconf 84' lang='lat' dir='ltr'><strong>Solisbaci</strong></span> <span class='ocrx_word' id='word_1_70' title='bbox 1159 1294 1288 1346; x_wconf 81' lang='lat'>1828</span> <span class='ocrx_word' id='word_1_71' title='bbox 1309 1312 1324 1360; x_wconf 82' lang='lat'><em>3</em></span> 
     </span>
     <span class='ocr_line' id='line_1_12' title="bbox 291 1380 1323 1447; baseline -0.004 -16"><span class='ocrx_word' id='word_1_72' title='bbox 291 1384 341 1431; x_wconf 91' lang='lat' dir='ltr'><strong>in</strong></span> <span class='ocrx_word' id='word_1_73' title='bbox 369 1400 462 1447; x_wconf 87' lang='lat' dir='ltr'><strong>qua</strong></span> <span class='ocrx_word' id='word_1_74' title='bbox 492 1382 584 1429; x_wconf 84' lang='lat' dir='ltr'><strong>vol.</strong></span> <span class='ocrx_word' id='word_1_75' title='bbox 619 1398 638 1428; x_wconf 89' lang='lat'>1</span> <span class='ocrx_word' id='word_1_76' title='bbox 656 1418 670 1439; x_wconf 83' lang='lat'>‚</span> <span class='ocrx_word' id='word_1_77' title='bbox 699 1397 808 1446; x_wconf 88' lang='lat' dir='ltr'><strong>pag.</strong></span> <span class='ocrx_word' id='word_1_78' title='bbox 847 1397 864 1428; x_wconf 87' lang='lat'><strong>1</strong></span> <span class='ocrx_word' id='word_1_79' title='bbox 886 1418 899 1438; x_wconf 94' lang='lat'>‚</span> <span class='ocrx_word' id='word_1_80' title='bbox 931 1381 1027 1428; x_wconf 81' lang='lat' dir='ltr'><strong>haec</strong></span> <span class='ocrx_word' id='word_1_81' title='bbox 1063 1380 1281 1447; x_wconf 83' lang='lat' dir='ltr'><strong>leguntur</strong></span> <span class='ocrx_word' id='word_1_82' title='bbox 1309 1396 1323 1427; x_wconf 90' lang='lat'>:</span> 
     </span>
     <span class='ocr_line' id='line_1_13' title="bbox 299 1462 1327 1532; baseline 0.005 -21"><span class='ocrx_word' id='word_1_83' title='bbox 299 1464 416 1532; x_wconf 77' lang='lat' dir='ltr'><strong>Quo</strong></span> <span class='ocrx_word' id='word_1_84' title='bbox 426 1465 642 1529; x_wconf 80' lang='lat' dir='ltr'><strong>pertinet</strong></span> <span class='ocrx_word' id='word_1_85' title='bbox 661 1463 790 1528; x_wconf 83' lang='lat' dir='ltr'><strong>quod</strong></span> <span class='ocrx_word' id='word_1_86' title='bbox 819 1462 962 1511; x_wconf 76' lang='lat' dir='ltr'><strong>hodie</strong></span> <span class='ocrx_word' id='word_1_87' title='bbox 995 1466 1152 1530; x_wconf 77' lang='lat' dir='ltr'><strong>maqis</strong></span> <span class='ocrx_word' id='word_1_88' title='bbox 1178 1483 1327 1531; x_wconf 82' lang='lat' dir='ltr'><strong>quam</strong></span> 
     </span>
     <span class='ocr_line' id='line_1_14' title="bbox 293 1546 1324 1613; baseline 0.003 -18"><span class='ocrx_word' id='word_1_89' title='bbox 293 1546 408 1596; x_wconf 82' lang='lat' dir='ltr'><strong>olim</strong></span> <span class='ocrx_word' id='word_1_90' title='bbox 446 1546 661 1613; x_wconf 77' lang='lat' dir='ltr'><strong>plurimi</strong></span> <span class='ocrx_word' id='word_1_91' title='bbox 701 1546 1099 1601; x_wconf 73' lang='lat' dir='ltr'><strong>Christianorum</strong></span> <span class='ocrx_word' id='word_1_92' title='bbox 1128 1566 1324 1613; x_wconf 78' lang='lat' dir='ltr'><strong>qravem</strong></span> 
     </span>
     <span class='ocr_line' id='line_1_15' title="bbox 296 1629 1327 1697; baseline 0.001 -18"><span class='ocrx_word' id='word_1_93' title='bbox 296 1632 618 1697; x_wconf 73' lang='lat' dir='ltr'><strong>experiantur</strong></span> <span class='ocrx_word' id='word_1_94' title='bbox 643 1629 822 1677; x_wconf 89' lang='lat' dir='ltr'><strong>luctam</strong></span> <span class='ocrx_word' id='word_1_95' title='bbox 856 1632 988 1677; x_wconf 82' lang='lat' dir='ltr'><strong>inter</strong></span> <span class='ocrx_word' id='word_1_96' title='bbox 1017 1647 1212 1678; x_wconf 85' lang='lat' dir='ltr'><strong>sensum</strong></span> <span class='ocrx_word' id='word_1_97' title='bbox 1237 1632 1327 1681; x_wconf 78' lang='lat' dir='ltr'><strong>hu·</strong></span> 
     </span>
     <span class='ocr_line' id='line_1_16' title="bbox 296 1711 1327 1777; baseline 0.002 -16"><span class='ocrx_word' id='word_1_98' title='bbox 296 1713 550 1761; x_wconf 85' lang='lat' dir='ltr'><strong>manitatis</strong></span> <span class='ocrx_word' id='word_1_99' title='bbox 566 1746 583 1773; x_wconf 84' lang='lat'>,</span> <span class='ocrx_word' id='word_1_100' title='bbox 618 1729 754 1759; x_wconf 86' lang='lat' dir='ltr'><strong>nunc</strong></span> <span class='ocrx_word' id='word_1_101' title='bbox 783 1711 934 1759; x_wconf 82' lang='lat' dir='ltr'><strong>multo</strong></span> <span class='ocrx_word' id='word_1_102' title='bbox 956 1750 970 1772; x_wconf 83' lang='lat'>‚</span> <span class='ocrx_word' id='word_1_103' title='bbox 999 1730 1149 1777; x_wconf 80' lang='lat' dir='ltr'><strong>quam</strong></span> <span class='ocrx_word' id='word_1_104' title='bbox 1170 1713 1327 1775; x_wconf 79' lang='lat' dir='ltr'><strong>alias,</strong></span> 
     </span>
     <span class='ocr_line' id='line_1_17' title="bbox 296 1795 1333 1862; baseline 0.003 -19"><span class='ocrx_word' id='word_1_105' title='bbox 296 1796 564 1844; x_wconf 76' lang='lat' dir='ltr'><strong>acutiorem</strong></span> <span class='ocrx_word' id='word_1_106' title='bbox 581 1830 596 1854; x_wconf 92' lang='lat'><strong><em>,</em></strong></span> <span class='ocrx_word' id='word_1_107' title='bbox 649 1795 936 1843; x_wconf 74' lang='lat' dir='ltr'><strong>dissidentes</strong></span> <span class='ocrx_word' id='word_1_108' title='bbox 978 1796 1035 1843; x_wconf 87' lang='lat' dir='ltr'><strong>in</strong></span> <span class='ocrx_word' id='word_1_109' title='bbox 1082 1795 1333 1862; x_wconf 52' lang='lat' dir='ltr'><strong>reli-(lionis</strong></span> 
     </span>
     <span class='ocr_line' id='line_1_18' title="bbox 300 1876 1332 1929; baseline 0.003 -3"><span class='ocrx_word' id='word_1_110' title='bbox 300 1877 486 1926; x_wconf 79' lang='lat' dir='ltr'><strong>theoria</strong></span> <span class='ocrx_word' id='word_1_111' title='bbox 538 1895 594 1926; x_wconf 86' lang='lat' dir='ltr'><strong>ac</strong></span> <span class='ocrx_word' id='word_1_112' title='bbox 645 1876 951 1926; x_wconf 82' lang='lat' dir='ltr'><strong>diversarum</strong></span> <span class='ocrx_word' id='word_1_113' title='bbox 990 1877 1045 1926; x_wconf 86' lang='lat' dir='ltr'><em>E</em></span> <span class='ocrx_word' id='word_1_114' title='bbox 1045 1879 1332 1929; x_wconf 82' lang='lat' dir='ltr'><strong>eclesiarum</strong></span> 
     </span>
     <span class='ocr_line' id='line_1_19' title="bbox 298 1959 1334 2026; baseline 0.002 -17"><span class='ocrx_word' id='word_1_115' title='bbox 298 1959 376 2010; x_wconf 85' lang='lat' dir='ltr'><strong>vel</strong></span> <span class='ocrx_word' id='word_1_116' title='bbox 392 1961 751 2026; x_wconf 83' lang='lat' dir='ltr'><strong>confessionum</strong></span> <span class='ocrx_word' id='word_1_117' title='bbox 768 1997 784 2022; x_wconf 88' lang='lat'><em>‚</em></span> <span class='ocrx_word' id='word_1_118' title='bbox 807 1969 865 2009; x_wconf 87' lang='lat' dir='ltr'><strong>ut</strong></span> <span class='ocrx_word' id='word_1_119' title='bbox 881 1971 1053 2010; x_wconf 84' lang='lat' dir='ltr'><strong>vocant</strong></span> <span class='ocrx_word' id='word_1_120' title='bbox 1072 1999 1086 2025; x_wconf 83' lang='lat'>,</span> <span class='ocrx_word' id='word_1_121' title='bbox 1114 1962 1334 2012; x_wconf 79' lang='lat' dir='ltr'><strong>homines</strong></span> 
     </span>
     <span class='ocr_line' id='line_1_20' title="bbox 298 2043 1335 2112; baseline 0.003 -20"><span class='ocrx_word' id='word_1_122' title='bbox 298 2053 640 2105; x_wconf 69' lang='lat' dir='ltr'><strong>excusantem,</strong></span> <span class='ocrx_word' id='word_1_123' title='bbox 688 2052 831 2109; x_wconf 83' lang='lat' dir='ltr'><strong>atque</strong></span> <span class='ocrx_word' id='word_1_124' title='bbox 871 2043 932 2092; x_wconf 86' lang='lat' dir='ltr'><strong>ab</strong></span> <span class='ocrx_word' id='word_1_125' title='bbox 981 2047 1125 2093; x_wconf 84' lang='lat' dir='ltr'><strong>omni</strong></span> <span class='ocrx_word' id='word_1_126' title='bbox 1133 2083 1149 2107; x_wconf 92' lang='lat'><em>‚</em></span> <span class='ocrx_word' id='word_1_127' title='bbox 1193 2064 1335 2112; x_wconf 82' lang='lat' dir='ltr'><strong>quem</strong></span> 
     </span>
     <span class='ocr_line' id='line_1_21' title="bbox 299 2126 1336 2194; baseline 0.003 -19"><span class='ocrx_word' id='word_1_128' title='bbox 299 2126 418 2175; x_wconf 80' lang='lat' dir='ltr'><strong>inde</strong></span> <span class='ocrx_word' id='word_1_129' title='bbox 435 2129 734 2176; x_wconf 67' lang='lat' dir='ltr'><strong>contraxisse</strong></span> <span class='ocrx_word' id='word_1_130' title='bbox 762 2127 922 2176; x_wconf 64' lang='lat' dir='ltr'><strong>videri</strong></span> <span class='ocrx_word' id='word_1_131' title='bbox 938 2136 1138 2194; x_wconf 84' lang='lat' dir='ltr'><strong>possent</strong></span> <span class='ocrx_word' id='word_1_132' title='bbox 1155 2167 1167 2189; x_wconf 92' lang='lat'>‚</span> <span class='ocrx_word' id='word_1_133' title='bbox 1197 2137 1336 2178; x_wconf 85' lang='lat' dir='ltr'><strong>reatu</strong></span> 
     </span>
     <span class='ocr_line' id='line_1_22' title="bbox 301 2207 1339 2277; baseline 0.001 -18"><span class='ocrx_word' id='word_1_134' title='bbox 301 2209 622 2259; x_wconf 75' lang='lat' dir='ltr'><strong>absolventem</strong></span> <span class='ocrx_word' id='word_1_135' title='bbox 635 2231 655 2269; x_wconf 88' lang='lat'><strong>‚·</strong></span> <span class='ocrx_word' id='word_1_136' title='bbox 680 2219 729 2259; x_wconf 83' lang='lat' dir='ltr'><strong>et</strong></span> <span class='ocrx_word' id='word_1_137' title='bbox 753 2227 812 2258; x_wconf 70' lang='lat' dir='ltr'><strong>em</strong></span> <span class='ocrx_word' id='word_1_138' title='bbox 841 2209 996 2259; x_wconf 68' lang='lat' dir='ltr'><strong>altera</strong></span> <span class='ocrx_word' id='word_1_139' title='bbox 1026 2207 1170 2277; x_wconf 54' lang='lat' dir='ltr'><strong>parre</strong></span> <span class='ocrx_word' id='word_1_140' title='bbox 1207 2214 1339 2260; x_wconf 79' lang='lat' dir='ltr'><strong>inter</strong></span> 
     </span>
     <span class='ocr_line' id='line_1_23' title="bbox 302 2293 1340 2360; baseline 0.001 -18"><span class='ocrx_word' id='word_1_141' title='bbox 302 2294 653 2342; x_wconf 80' lang='lat' dir='ltr'><strong>conscientiam.</strong></span> <span class='ocrx_word' id='word_1_142' title='bbox 666 2328 688 2355; x_wconf 86' lang='lat'><strong>,-</strong></span> <span class='ocrx_word' id='word_1_143' title='bbox 714 2293 859 2343; x_wconf 66' lang='lat' dir='ltr'><strong>illum</strong></span> <span class='ocrx_word' id='word_1_144' title='bbox 888 2295 946 2341; x_wconf 76' lang='lat' dir='ltr'><strong>in</strong></span> <span class='ocrx_word' id='word_1_145' title='bbox 973 2294 1192 2360; x_wconf 58' lang='lat' dir='ltr'><strong>publicis</strong></span> <span class='ocrx_word' id='word_1_146' title='bbox 1215 2295 1340 2359; x_wconf 78' lang='lat' dir='ltr'><strong>fidei</strong></span> 
     </span>
     <span class='ocr_line' id='line_1_24' title="bbox 302 2374 1346 2441; baseline 0.004 -17"><span class='ocrx_word' id='word_1_147' title='bbox 302 2374 533 2441; x_wconf 81' lang='lat' dir='ltr'><strong>symbolis</strong></span> <span class='ocrx_word' id='word_1_148' title='bbox 565 2375 833 2426; x_wconf 84' lang='lat' dir='ltr'><strong>articulum</strong></span> <span class='ocrx_word' id='word_1_149' title='bbox 871 2395 888 2422; x_wconf 92' lang='lat'><strong>.·</strong></span> <span class='ocrx_word' id='word_1_150' title='bbox 927 2376 1070 2426; x_wconf 79' lang='lat' dir='ltr'><strong>Extra</strong></span> <span class='ocrx_word' id='word_1_151' title='bbox 1095 2378 1346 2428; x_wconf 78' lang='lat' dir='ltr'><strong>eeclesiam</strong></span> 
     </span>
     <span class='ocr_line' id='line_1_25' title="bbox 305 2457 1339 2527; baseline 0.002 -20"><span class='ocrx_word' id='word_1_152' title='bbox 305 2477 402 2507; x_wconf 88' lang='lat' dir='ltr'><strong>non</strong></span> <span class='ocrx_word' id='word_1_153' title='bbox 420 2467 489 2507; x_wconf 85' lang='lat' dir='ltr'><strong>est</strong></span> <span class='ocrx_word' id='word_1_154' title='bbox 506 2457 662 2518; x_wconf 72' lang='lat' dir='ltr'><strong>salus,</strong></span> <span class='ocrx_word' id='word_1_155' title='bbox 695 2465 1000 2507; x_wconf 71' lang='lat' dir='ltr'><strong>metuentem.</strong></span> <span class='ocrx_word' id='word_1_156' title='bbox 1034 2458 1122 2508; x_wconf 84' lang='lat' dir='ltr'><strong>Cui</strong></span> <span class='ocrx_word' id='word_1_157' title='bbox 1145 2459 1339 2527; x_wconf 84' lang='lat' dir='ltr'><strong>quidem</strong></span> 
     </span>
     <span class='ocr_line' id='line_1_26' title="bbox 305 2540 1340 2607; baseline 0 -17"><span class='ocrx_word' id='word_1_158' title='bbox 305 2540 445 2590; x_wconf 86' lang='lat' dir='ltr'><strong>luctae</strong></span> <span class='ocrx_word' id='word_1_159' title='bbox 474 2558 596 2589; x_wconf 85' lang='lat' dir='ltr'><strong>nova</strong></span> <span class='ocrx_word' id='word_1_160' title='bbox 617 2579 629 2601; x_wconf 88' lang='lat'>‚</span> <span class='ocrx_word' id='word_1_161' title='bbox 665 2559 807 2607; x_wconf 84' lang='lat' dir='ltr'><strong>quam</strong></span> <span class='ocrx_word' id='word_1_162' title='bbox 839 2543 939 2605; x_wconf 88' lang='lat' dir='ltr'><strong>ipse</strong></span> <span class='ocrx_word' id='word_1_163' title='bbox 974 2544 1152 2606; x_wconf 85' lang='lat' dir='ltr'><strong>aperuit</strong></span> <span class='ocrx_word' id='word_1_164' title='bbox 1175 2579 1193 2600; x_wconf 82' lang='lat'><strong><em>‚</em></strong></span> <span class='ocrx_word' id='word_1_165' title='bbox 1230 2544 1304 2590; x_wconf 84' lang='lat' dir='ltr'><strong>via</strong></span> <span class='ocrx_word' id='word_1_166' title='bbox 1323 2579 1340 2601; x_wconf 21' lang='lat'><strong>‚¹</strong></span> 
     </span>
     <span class='ocr_line' id='line_1_27' title="bbox 308 2622 1338 2689; baseline 0.001 -17"><span class='ocrx_word' id='word_1_167' title='bbox 308 2624 549 2673; x_wconf 83' lang='lat' dir='ltr'><strong>consulere</strong></span> <span class='ocrx_word' id='word_1_168' title='bbox 565 2641 611 2672; x_wconf 87' lang='lat' dir='ltr'><strong>se</strong></span> <span class='ocrx_word' id='word_1_169' title='bbox 622 2640 755 2689; x_wconf 89' lang='lat' dir='ltr'><strong>posse</strong></span> <span class='ocrx_word' id='word_1_170' title='bbox 769 2623 1016 2671; x_wconf 85' lang='lat' dir='ltr'><strong>arbitratus</strong></span> <span class='ocrx_word' id='word_1_171' title='bbox 1026 2633 1112 2686; x_wconf 84' lang='lat' dir='ltr'><strong>est3</strong></span> <span class='ocrx_word' id='word_1_172' title='bbox 1130 2641 1234 2689; x_wconf 83' lang='lat' dir='ltr'><strong>pag.</strong></span> <span class='ocrx_word' id='word_1_173' title='bbox 1249 2622 1338 2683; x_wconf 87' lang='lat'><strong>65,</strong></span> 
     </span>
     <span class='ocr_line' id='line_1_28' title="bbox 309 2704 1342 2772; baseline -0.002 -17"><span class='ocrx_word' id='word_1_174' title='bbox 309 2707 470 2756; x_wconf 77' lang='lat' dir='ltr'><strong>scribit</strong></span> <span class='ocrx_word' id='word_1_175' title='bbox 488 2706 764 2772; x_wconf 70' lang='lat' dir='ltr'><strong>Apostolum</strong></span> <span class='ocrx_word' id='word_1_176' title='bbox 783 2707 949 2755; x_wconf 84' lang='lat' dir='ltr'><strong>docere</strong></span> <span class='ocrx_word' id='word_1_177' title='bbox 986 2723 999 2754; x_wconf 72' lang='grc' dir='ltr'><strong><em>ε</em></strong></span> <span class='ocrx_word' id='word_1_178' title='bbox 1039 2704 1110 2755; x_wconf 85' lang='lat' dir='ltr'><strong>Ut</strong></span> <span class='ocrx_word' id='word_1_179' title='bbox 1136 2704 1342 2754; x_wconf 85' lang='lat' dir='ltr'><strong>salutem</strong></span> 
     </span>
     <span class='ocr_line' id='line_1_29' title="bbox 307 2789 1343 2856; baseline -0.002 -17"><span class='ocrx_word' id='word_1_180' title='bbox 307 2792 420 2856; x_wconf 79' lang='lat' dir='ltr'><strong>quis</strong></span> <span class='ocrx_word' id='word_1_181' title='bbox 453 2789 792 2855; x_wconf 67' lang='lat' dir='ltr'><strong>adipiscatur,</strong></span> <span class='ocrx_word' id='word_1_182' title='bbox 826 2805 928 2837; x_wconf 77' lang='lat' dir='ltr'><strong>non</strong></span> <span class='ocrx_word' id='word_1_183' title='bbox 957 2790 1187 2838; x_wconf 77' lang='lat' dir='ltr'><strong>interesse</strong></span> <span class='ocrx_word' id='word_1_184' title='bbox 1203 2824 1220 2850; x_wconf 88' lang='lat'><strong><em>,</em></strong></span> <span class='ocrx_word' id='word_1_185' title='bbox 1256 2805 1343 2837; x_wconf 75' lang='lat' dir='ltr'><strong>cw-</strong></span> 
     </span>
     <span class='ocr_line' id='line_1_30' title="bbox 296 2871 1346 2940; baseline -0.002 -20"><span class='ocrx_word' id='word_1_186' title='bbox 296 2875 389 2940; x_wconf 80' lang='lat' dir='ltr'><strong>jus</strong></span> <span class='ocrx_word' id='word_1_187' title='bbox 418 2872 469 2925; x_wconf 87' lang='lat' dir='ltr'><em>E</em></span> <span class='ocrx_word' id='word_1_188' title='bbox 471 2871 661 2921; x_wconf 34' lang='lat' dir='ltr'><strong>cclesiae*</strong></span> <span class='ocrx_word' id='word_1_189' title='bbox 683 2874 750 2922; x_wconf 81' lang='lat' dir='ltr'><strong>sit</strong></span> <span class='ocrx_word' id='word_1_190' title='bbox 770 2871 1036 2921; x_wconf 63' lang='lat' dir='ltr'><strong>mensbrum</strong></span> <span class='ocrx_word' id='word_1_191' title='bbox 1055 2908 1072 2932; x_wconf 87' lang='lat'>‚</span> <span class='ocrx_word' id='word_1_192' title='bbox 1097 2872 1179 2920; x_wconf 79' lang='lat' dir='ltr'><strong>sed</strong></span> <span class='ocrx_word' id='word_1_193' title='bbox 1196 2888 1346 2937; x_wconf 69' lang='lat' dir='ltr'><strong>quam</strong></span> 
     </span>
     <span class='ocr_line' id='line_1_31' title="bbox 298 2952 1344 3021; baseline 0.002 -18"><span class='ocrx_word' id='word_1_194' title='bbox 298 2958 469 3021; x_wconf 85' lang='lat' dir='ltr'><strong>justus</strong></span> <span class='ocrx_word' id='word_1_195' title='bbox 487 2972 508 3017; x_wconf 80' lang='lat'><em>3</em></span> <span class='ocrx_word' id='word_1_196' title='bbox 539 2973 647 3021; x_wconf 80' lang='lat' dir='ltr'><strong>pag.</strong></span> <span class='ocrx_word' id='word_1_197' title='bbox 680 2952 748 3003; x_wconf 85' lang='lat'><strong>68</strong></span> <span class='ocrx_word' id='word_1_198' title='bbox 767 2993 780 3015; x_wconf 90' lang='lat'>,</span> <span class='ocrx_word' id='word_1_199' title='bbox 807 2954 957 3019; x_wconf 81' lang='lat' dir='ltr'><strong>fidem</strong></span> <span class='ocrx_word' id='word_1_200' title='bbox 989 2972 1151 3004; x_wconf 79' lang='lat' dir='ltr'><strong>vero...</strong></span> <span class='ocrx_word' id='word_1_201' title='bbox 1188 2956 1344 3020; x_wconf 70' lang='lat' dir='ltr'><strong>scrip-</strong></span> 
     </span>
     <span class='ocr_line' id='line_1_32' title="bbox 314 3036 1346 3106; baseline 0 -21"><span class='ocrx_word' id='word_1_202' title='bbox 314 3046 426 3086; x_wconf 86' lang='lat' dir='ltr'><strong>tura</strong></span> <span class='ocrx_word' id='word_1_203' title='bbox 443 3048 684 3098; x_wconf 82' lang='lat' dir='ltr'><strong>monente,</strong></span> <span class='ocrx_word' id='word_1_204' title='bbox 703 3039 1082 3106; x_wconf 71' lang='lat' dir='ltr'><strong>interpretamur</strong></span> <span class='ocrx_word' id='word_1_205' title='bbox 1106 3055 1204 3089; x_wconf 79' lang='lat' dir='ltr'><strong>esse</strong></span> <span class='ocrx_word' id='word_1_206' title='bbox 1230 3036 1346 3086; x_wconf 85' lang='lat' dir='ltr'><strong>reli-</strong></span> 
     </span>
     <span class='ocr_line' id='line_1_33' title="bbox 313 3119 1349 3188; baseline 0.002 -20"><span class='ocrx_word' id='word_1_207' title='bbox 313 3123 509 3185; x_wconf 75' lang='lat' dir='ltr'><strong>qionem</strong></span> <span class='ocrx_word' id='word_1_208' title='bbox 539 3122 780 3169; x_wconf 80' lang='lat' dir='ltr'><strong>sinceram</strong></span> <span class='ocrx_word' id='word_1_209' title='bbox 815 3119 1032 3169; x_wconf 77' lang='lat' dir='ltr'><strong>hominis</strong></span> <span class='ocrx_word' id='word_1_210' title='bbox 1049 3142 1068 3179; x_wconf 91' lang='lat'><em>;</em></span> <span class='ocrx_word' id='word_1_211' title='bbox 1100 3139 1205 3188; x_wconf 76' lang='lat' dir='ltr'><strong>pag.</strong></span> <span class='ocrx_word' id='word_1_212' title='bbox 1246 3137 1349 3188; x_wconf 76' lang='lat'><strong>79,</strong></span> 
     </span>
     <span class='ocr_line' id='line_1_34' title="bbox 316 3203 1351 3268; baseline 0.002 -18"><span class='ocrx_word' id='word_1_213' title='bbox 316 3203 560 3268; x_wconf 86' lang='lat' dir='ltr'><strong>profitetur</strong></span> <span class='ocrx_word' id='word_1_214' title='bbox 591 3203 842 3252; x_wconf 87' lang='lat' dir='ltr'><strong>consilium</strong></span> <span class='ocrx_word' id='word_1_215' title='bbox 859 3222 996 3252; x_wconf 83' lang='lat' dir='ltr'><strong>suum</strong></span> <span class='ocrx_word' id='word_1_216' title='bbox 1027 3204 1118 3253; x_wconf 91' lang='lat' dir='ltr'><strong>hoc</strong></span> <span class='ocrx_word' id='word_1_217' title='bbox 1136 3221 1263 3265; x_wconf 89' lang='lat' dir='ltr'><strong>esse,</strong></span> <span class='ocrx_word' id='word_1_218' title='bbox 1298 3214 1351 3254; x_wconf 79' lang='lat' dir='ltr'><strong>ut</strong></span> 
     </span>
     <span class='ocr_line' id='line_1_35' title="bbox 319 3285 1350 3354; baseline 0.002 -21"><span class='ocrx_word' id='word_1_219' title='bbox 319 3285 634 3334; x_wconf 82' lang='lat' dir='ltr'><strong>Pharisa‘ismo</strong></span> <span class='ocrx_word' id='word_1_220' title='bbox 661 3298 871 3335; x_wconf 84' lang='lat' dir='ltr'><strong>occurrat·</strong></span> <span class='ocrx_word' id='word_1_221' title='bbox 883 3324 896 3346; x_wconf 96' lang='lat'>‚</span> <span class='ocrx_word' id='word_1_222' title='bbox 914 3305 1010 3353; x_wconf 90' lang='lat' dir='ltr'><strong>quo</strong></span> <span class='ocrx_word' id='word_1_223' title='bbox 1030 3289 1136 3354; x_wconf 87' lang='lat' dir='ltr'><strong>quis</strong></span> <span class='ocrx_word' id='word_1_224' title='bbox 1153 3287 1350 3337; x_wconf 80' lang='lat' dir='ltr'><strong>confidit</strong></span> 
     </span>
     <span class='ocr_line' id='line_1_36' title="bbox 320 3368 1349 3436; baseline 0.002 -19"><span class='ocrx_word' id='word_1_225' title='bbox 320 3368 518 3418; x_wconf 74' lang='lat' dir='ltr'><strong>salutem</strong></span> <span class='ocrx_word' id='word_1_226' title='bbox 534 3368 749 3418; x_wconf 81' lang='lat' dir='ltr'><strong>obtinere</strong></span> <span class='ocrx_word' id='word_1_227' title='bbox 761 3387 841 3435; x_wconf 75' lang='lat' dir='ltr'><strong>per</strong></span> <span class='ocrx_word' id='word_1_228' title='bbox 857 3369 1006 3418; x_wconf 68' lang='lat' dir='ltr'><strong>solam·</strong></span> <span class='ocrx_word' id='word_1_229' title='bbox 1013 3370 1349 3436; x_wconf 76' lang='lat' dir='ltr'><strong>professionem</strong></span> 
     </span>
     <span class='ocr_line' id='line_1_37' title="bbox 320 3452 1349 3521; baseline 0.004 -22"><span class='ocrx_word' id='word_1_230' title='bbox 320 3461 564 3501; x_wconf 77' lang='lat' dir='ltr'><strong>externam</strong></span> <span class='ocrx_word' id='word_1_231' title='bbox 611 3468 706 3500; x_wconf 81' lang='lat' dir='ltr'><strong>suae</strong></span> <span class='ocrx_word' id='word_1_232' title='bbox 743 3452 1027 3517; x_wconf 82' lang='lat' dir='ltr'><strong>religionis,</strong></span> <span class='ocrx_word' id='word_1_233' title='bbox 1078 3464 1349 3521; x_wconf 70' lang='lat' dir='ltr'><strong>ceterosque</strong></span> 
     </span>
     <span class='ocr_line' id='line_1_38' title="bbox 322 3533 1351 3603; baseline 0.003 -22"><span class='ocrx_word' id='word_1_234' title='bbox 322 3533 557 3599; x_wconf 86' lang='lat' dir='ltr'><strong>despicere</strong></span> <span class='ocrx_word' id='word_1_235' title='bbox 577 3571 590 3594; x_wconf 89' lang='lat'>,</span> <span class='ocrx_word' id='word_1_236' title='bbox 636 3536 718 3600; x_wconf 90' lang='lat' dir='ltr'><strong>qui</strong></span> <span class='ocrx_word' id='word_1_237' title='bbox 747 3533 905 3582; x_wconf 83' lang='lat' dir='ltr'><strong>alieni</strong></span> <span class='ocrx_word' id='word_1_238' title='bbox 933 3544 1047 3584; x_wconf 83' lang='lat' dir='ltr'><strong>sunt</strong></span> <span class='ocrx_word' id='word_1_239' title='bbox 1072 3553 1104 3584; x_wconf 88' lang='lat' dir='ltr'><strong>a</strong></span> <span class='ocrx_word' id='word_1_240' title='bbox 1132 3537 1351 3603; x_wconf 79' lang='lat' dir='ltr'><strong>proprioe</strong></span> 
     </span>
     <span class='ocr_line' id='line_1_39' title="bbox 322 3617 1354 3686; baseline 0.006 -22"><span class='ocrx_word' id='word_1_241' title='bbox 322 3624 460 3665; x_wconf 83' lang='lat' dir='ltr'><strong>sectoe</strong></span> <span class='ocrx_word' id='word_1_242' title='bbox 497 3617 834 3665; x_wconf 84' lang='lat' dir='ltr'><strong>communione</strong></span> <span class='ocrx_word' id='word_1_243' title='bbox 847 3634 873 3680; x_wconf 76' lang='lat'><strong>‚·.</strong></span> <span class='ocrx_word' id='word_1_244' title='bbox 892 3635 999 3685; x_wconf 84' lang='lat' dir='ltr'><strong>pag.</strong></span> <span class='ocrx_word' id='word_1_245' title='bbox 1035 3634 1152 3681; x_wconf 85' lang='lat'>100,</span> <span class='ocrx_word' id='word_1_246' title='bbox 1186 3621 1354 3686; x_wconf 77' lang='lat' dir='ltr'><strong>repetit</strong></span> 
     </span>
    </p>
   </div>
   <div class='ocr_carea' id='block_1_8' title="bbox 1408 1295 2454 3602">
    <p class='ocr_par' dir='ltr' id='par_1_8' title="bbox 1408 1295 2447 2682">
     <span class='ocr_line' id='line_1_40' title="bbox 1408 1295 2436 1349; baseline 0.002 -3"><span class='ocrx_word' id='word_1_247' title='bbox 1408 1295 1627 1347; x_wconf 78' lang='lat' dir='ltr'><strong>Ecclesiae</strong></span> <span class='ocrx_word' id='word_1_248' title='bbox 1646 1297 1875 1347; x_wconf 77' lang='lat' dir='ltr'><strong>unitatem</strong></span> <span class='ocrx_word' id='word_1_249' title='bbox 1911 1306 1960 1347; x_wconf 86' lang='lat'><strong>1⁰</strong></span> <span class='ocrx_word' id='word_1_250' title='bbox 1986 1297 2047 1347; x_wconf 81' lang='lat' dir='ltr'><strong>ab</strong></span> <span class='ocrx_word' id='word_1_251' title='bbox 2075 1315 2171 1347; x_wconf 84' lang='lat' dir='ltr'><strong>uno</strong></span> <span class='ocrx_word' id='word_1_252' title='bbox 2189 1299 2436 1349; x_wconf 71' lang='lat' dir='ltr'><strong>fundatore</strong></span> 
     </span>
     <span class='ocr_line' id='line_1_41' title="bbox 1409 1377 2437 1438; baseline 0.001 -12"><span class='ocrx_word' id='word_1_253' title='bbox 1409 1377 1624 1427; x_wconf 83' lang='lat' dir='ltr'><strong>Ecclesiae</strong></span> <span class='ocrx_word' id='word_1_254' title='bbox 1658 1378 1688 1426; x_wconf 83' lang='lat' dir='ltr'><strong>J</strong></span> <span class='ocrx_word' id='word_1_255' title='bbox 1694 1414 1706 1427; x_wconf 89' lang='lat'><strong>.</strong></span> <span class='ocrx_word' id='word_1_256' title='bbox 1735 1378 1792 1427; x_wconf 84' lang='lat' dir='ltr'><strong>C.</strong></span> <span class='ocrx_word' id='word_1_257' title='bbox 1816 1416 1829 1438; x_wconf 92' lang='lat'>‚</span> <span class='ocrx_word' id='word_1_258' title='bbox 1864 1388 1919 1429; x_wconf 82' lang='lat'><strong>2⁰</strong></span> <span class='ocrx_word' id='word_1_259' title='bbox 1949 1379 2009 1427; x_wconf 84' lang='lat' dir='ltr'><strong>ab</strong></span> <span class='ocrx_word' id='word_1_260' title='bbox 2043 1397 2140 1429; x_wconf 90' lang='lat' dir='ltr'><strong>uno</strong></span> <span class='ocrx_word' id='word_1_261' title='bbox 2175 1382 2313 1430; x_wconf 86' lang='lat' dir='ltr'><strong>totius</strong></span> <span class='ocrx_word' id='word_1_262' title='bbox 2346 1381 2437 1432; x_wconf 78' lang='lat' dir='ltr'><strong>Ec.-</strong></span> 
     </span>
     <span class='ocr_line' id='line_1_42' title="bbox 1410 1450 2439 1528; baseline 0.001 -18"><span class='ocrx_word' id='word_1_263' title='bbox 1410 1461 1557 1510; x_wconf 84' lang='lat' dir='ltr'><strong>cIesiae</strong></span> <span class='ocrx_word' id='word_1_264' title='bbox 1594 1461 1904 1511; x_wconf 82' lang='lat' dir='ltr'><strong>fundamento</strong></span> <span class='ocrx_word' id='word_1_265' title='bbox 1928 1499 1940 1521; x_wconf 86' lang='lat'>‚</span> <span class='ocrx_word' id='word_1_266' title='bbox 1978 1460 2303 1528; x_wconf 83' lang='lat' dir='ltr'><strong>Apostolorum</strong></span> <span class='ocrx_word' id='word_1_267' title='bbox 2328 1450 2439 1511; x_wconf 85' lang='lat' dir='ltr'><strong>doc-</strong></span> 
     </span>
     <span class='ocr_line' id='line_1_43' title="bbox 1410 1544 2439 1612; baseline 0.003 -21"><span class='ocrx_word' id='word_1_268' title='bbox 1410 1547 1532 1592; x_wconf 84' lang='lat' dir='ltr'><strong>trina</strong></span> <span class='ocrx_word' id='word_1_269' title='bbox 1552 1582 1564 1603; x_wconf 89' lang='lat'>‚</span> <span class='ocrx_word' id='word_1_270' title='bbox 1585 1544 1638 1593; x_wconf 85' lang='lat'><strong>3⁰</strong></span> <span class='ocrx_word' id='word_1_271' title='bbox 1657 1544 1715 1592; x_wconf 86' lang='lat' dir='ltr'><strong>ab</strong></span> <span class='ocrx_word' id='word_1_272' title='bbox 1746 1562 1841 1592; x_wconf 87' lang='lat' dir='ltr'><strong>uno</strong></span> <span class='ocrx_word' id='word_1_273' title='bbox 1873 1554 2063 1593; x_wconf 85' lang='lat' dir='ltr'><strong>externo</strong></span> <span class='ocrx_word' id='word_1_274' title='bbox 2089 1546 2295 1612; x_wconf 88' lang='lat' dir='ltr'><strong>ejusdem</strong></span> <span class='ocrx_word' id='word_1_275' title='bbox 2330 1563 2439 1611; x_wconf 90' lang='lat' dir='ltr'><strong>pro-</strong></span> 
     </span>
     <span class='ocr_line' id='line_1_44' title="bbox 1411 1618 2436 1695; baseline 0.003 -20"><span class='ocrx_word' id='word_1_276' title='bbox 1411 1629 1623 1677; x_wconf 84' lang='lat' dir='ltr'><strong>fessionis</strong></span> <span class='ocrx_word' id='word_1_277' title='bbox 1636 1631 1878 1676; x_wconf 87' lang='lat' dir='ltr'><strong>communi</strong></span> <span class='ocrx_word' id='word_1_278' title='bbox 1887 1629 2119 1694; x_wconf 78' lang='lat' dir='ltr'><strong>symbolo,</strong></span> <span class='ocrx_word' id='word_1_279' title='bbox 2136 1618 2436 1695; x_wconf 66' lang='lat' dir='ltr'><strong>baptismate3</strong></span> 
     </span>
     <span class='ocr_line' id='line_1_45' title="bbox 1412 1711 2438 1777; baseline 0.001 -18"><span class='ocrx_word' id='word_1_280' title='bbox 1412 1729 1508 1777; x_wconf 81' lang='lat' dir='ltr'><strong>quo</strong></span> <span class='ocrx_word' id='word_1_281' title='bbox 1555 1728 1696 1760; x_wconf 84' lang='lat' dir='ltr'><strong>sensu</strong></span> <span class='ocrx_word' id='word_1_282' title='bbox 1727 1711 1946 1777; x_wconf 74' lang='lat' dir='ltr'><strong>quaelibet</strong></span> <span class='ocrx_word' id='word_1_283' title='bbox 1988 1722 2108 1760; x_wconf 81' lang='lat' dir='ltr'><strong>secta</strong></span> <span class='ocrx_word' id='word_1_284' title='bbox 2150 1722 2303 1777; x_wconf 84' lang='lat' dir='ltr'><strong>posset</strong></span> <span class='ocrx_word' id='word_1_285' title='bbox 2349 1712 2438 1760; x_wconf 88' lang='lat' dir='ltr'><strong>sibi</strong></span> 
     </span>
     <span class='ocr_line' id='line_1_46' title="bbox 1414 1793 2439 1861; baseline 0.001 -19"><span class='ocrx_word' id='word_1_286' title='bbox 1414 1795 1653 1845; x_wconf 67' lang='lat' dir='ltr'><strong>vindicare</strong></span> <span class='ocrx_word' id='word_1_287' title='bbox 1680 1798 1932 1843; x_wconf 70' lang='lat' dir='ltr'><strong>unitatem.</strong></span> <span class='ocrx_word' id='word_1_288' title='bbox 1963 1793 2064 1843; x_wconf 84' lang='lat' dir='ltr'><strong>Hoc</strong></span> <span class='ocrx_word' id='word_1_289' title='bbox 2092 1812 2208 1860; x_wconf 79' lang='lat' dir='ltr'><strong>opus</strong></span> <span class='ocrx_word' id='word_1_290' title='bbox 2236 1814 2267 1844; x_wconf 80' lang='lat' dir='ltr'><strong>a·</strong></span> <span class='ocrx_word' id='word_1_291' title='bbox 2290 1798 2439 1861; x_wconf 83' lang='lat' dir='ltr'><strong>capi-te</strong></span> 
     </span>
     <span class='ocr_line' id='line_1_47' title="bbox 1415 1877 2439 1939; baseline 0.002 -14"><span class='ocrx_word' id='word_1_292' title='bbox 1415 1878 1476 1926; x_wconf 88' lang='lat' dir='ltr'><strong>ad</strong></span> <span class='ocrx_word' id='word_1_293' title='bbox 1508 1878 1687 1927; x_wconf 89' lang='lat' dir='ltr'><strong>calcem</strong></span> <span class='ocrx_word' id='word_1_294' title='bbox 1707 1887 1849 1925; x_wconf 84' lang='lat' dir='ltr'><strong>scatet</strong></span> <span class='ocrx_word' id='word_1_295' title='bbox 1873 1877 2096 1927; x_wconf 75' lang='lat' dir='ltr'><strong>doctrinis</strong></span> <span class='ocrx_word' id='word_1_296' title='bbox 2120 1881 2281 1939; x_wconf 84' lang='lat' dir='ltr'><strong>novis,</strong></span> <span class='ocrx_word' id='word_1_297' title='bbox 2313 1896 2439 1927; x_wconf 85' lang='lat' dir='ltr'><strong>erro-</strong></span> 
     </span>
     <span class='ocr_line' id='line_1_48' title="bbox 1415 1960 2441 2026; baseline 0.002 -18"><span class='ocrx_word' id='word_1_298' title='bbox 1415 1962 1544 2020; x_wconf 89' lang='lat' dir='ltr'><strong>neis,</strong></span> <span class='ocrx_word' id='word_1_299' title='bbox 1595 1960 1881 2025; x_wconf 82' lang='lat' dir='ltr'><strong>depromptis</strong></span> <span class='ocrx_word' id='word_1_300' title='bbox 1931 1978 2093 2025; x_wconf 83' lang='lat' dir='ltr'><strong>magna</strong></span> <span class='ocrx_word' id='word_1_301' title='bbox 2143 1979 2195 2011; x_wconf 87' lang='lat' dir='ltr'><strong>ex</strong></span> <span class='ocrx_word' id='word_1_302' title='bbox 2242 1971 2371 2026; x_wconf 78' lang='lat' dir='ltr'><strong>parte</strong></span> <span class='ocrx_word' id='word_1_303' title='bbox 2413 1977 2441 2010; x_wconf 85' lang='lat' dir='ltr'><strong>a</strong></span> 
     </span>
     <span class='ocr_line' id='line_1_49' title="bbox 1417 2041 2441 2109; baseline 0.002 -19"><span class='ocrx_word' id='word_1_304' title='bbox 1417 2042 1804 2092; x_wconf 74' lang='lat' dir='ltr'><strong>protestantibus.</strong></span> <span class='ocrx_word' id='word_1_305' title='bbox 1835 2041 1957 2109; x_wconf 83' lang='lat' dir='ltr'><strong>Quid</strong></span> <span class='ocrx_word' id='word_1_306' title='bbox 1989 2045 2160 2091; x_wconf 79' lang='lat' dir='ltr'><strong>mirum</strong></span> <span class='ocrx_word' id='word_1_307' title='bbox 2182 2044 2380 2109; x_wconf 81' lang='lat' dir='ltr'><strong>proinde</strong></span> <span class='ocrx_word' id='word_1_308' title='bbox 2403 2045 2441 2092; x_wconf 89' lang='lat' dir='ltr'><strong>si</strong></span> 
     </span>
     <span class='ocr_line' id='line_1_50' title="bbox 1418 2126 2438 2192; baseline -0.001 -17"><span class='ocrx_word' id='word_1_309' title='bbox 1418 2129 1640 2175; x_wconf 86' lang='lat' dir='ltr'><strong>auctorin</strong></span> <span class='ocrx_word' id='word_1_310' title='bbox 1663 2128 1886 2192; x_wconf 89' lang='lat' dir='ltr'><strong>prooemio</strong></span> <span class='ocrx_word' id='word_1_311' title='bbox 1899 2126 1956 2174; x_wconf 87' lang='lat' dir='ltr'><strong>ad</strong></span> <span class='ocrx_word' id='word_1_312' title='bbox 1974 2128 2054 2176; x_wconf 90' lang='lat' dir='ltr'><strong>cit.</strong></span> <span class='ocrx_word' id='word_1_313' title='bbox 2072 2135 2156 2173; x_wconf 70' lang='lat'><strong>2⁸³¹</strong></span> <span class='ocrx_word' id='word_1_314' title='bbox 2166 2127 2438 2188; x_wconf 80' lang='lat' dir='ltr'><strong>editionem,</strong></span> 
     </span>
     <span class='ocr_line' id='line_1_51' title="bbox 1417 2210 2445 2276; baseline 0 -18"><span class='ocrx_word' id='word_1_315' title='bbox 1417 2228 1523 2276; x_wconf 75' lang='lat' dir='ltr'><strong>pag.</strong></span> <span class='ocrx_word' id='word_1_316' title='bbox 1561 2226 1650 2271; x_wconf 85' lang='lat'><strong>10,</strong></span> <span class='ocrx_word' id='word_1_317' title='bbox 1679 2212 1821 2275; x_wconf 85' lang='lat' dir='ltr'><strong>jactet</strong></span> <span class='ocrx_word' id='word_1_318' title='bbox 1850 2210 1996 2274; x_wconf 83' lang='lat' dir='ltr'><strong>elogia</strong></span> <span class='ocrx_word' id='word_1_319' title='bbox 2017 2246 2030 2269; x_wconf 93' lang='lat'>‚</span> <span class='ocrx_word' id='word_1_320' title='bbox 2069 2226 2174 2276; x_wconf 84' lang='lat' dir='ltr'><strong>quae</strong></span> <span class='ocrx_word' id='word_1_321' title='bbox 2213 2226 2307 2258; x_wconf 81' lang='lat' dir='ltr'><strong>suae</strong></span> <span class='ocrx_word' id='word_1_322' title='bbox 2332 2210 2445 2258; x_wconf 88' lang='lat' dir='ltr'><strong>huic</strong></span> 
     </span>
     <span class='ocr_line' id='line_1_52' title="bbox 1418 2292 2444 2358; baseline -0.001 -17"><span class='ocrx_word' id='word_1_323' title='bbox 1418 2292 1732 2341; x_wconf 65' lang='lat' dir='ltr'><strong>lucubrationi</strong></span> <span class='ocrx_word' id='word_1_324' title='bbox 1761 2292 2024 2343; x_wconf 68' lang='lat' dir='ltr'><strong>tribuerunt</strong></span> <span class='ocrx_word' id='word_1_325' title='bbox 2041 2292 2282 2341; x_wconf 80' lang='lat' dir='ltr'><strong>relationes</strong></span> <span class='ocrx_word' id='word_1_326' title='bbox 2301 2328 2315 2354; x_wconf 88' lang='lat'>,</span> <span class='ocrx_word' id='word_1_327' title='bbox 2340 2308 2444 2358; x_wconf 82' lang='lat' dir='ltr'><strong>quae</strong></span> 
     </span>
     <span class='ocr_line' id='line_1_53' title="bbox 1419 2373 2447 2439; baseline -0.002 -15"><span class='ocrx_word' id='word_1_328' title='bbox 1419 2394 1445 2424; x_wconf 89' lang='lat' dir='ltr'><strong>a</strong></span> <span class='ocrx_word' id='word_1_329' title='bbox 1477 2375 1841 2425; x_wconf 75' lang='lat' dir='ltr'><strong>protestantibus</strong></span> <span class='ocrx_word' id='word_1_330' title='bbox 1871 2373 2105 2439; x_wconf 80' lang='lat' dir='ltr'><strong>Gottingae</strong></span> <span class='ocrx_word' id='word_1_331' title='bbox 2138 2376 2447 2424; x_wconf 77' lang='lat' dir='ltr'><strong>scribuntur?</strong></span> 
     </span>
     <span class='ocr_line' id='line_1_54' title="bbox 1419 2457 2446 2522; baseline 0 -17"><span class='ocrx_word' id='word_1_332' title='bbox 1419 2457 1480 2505; x_wconf 78' lang='lat' dir='ltr'><strong>Et</strong></span> <span class='ocrx_word' id='word_1_333' title='bbox 1516 2475 1626 2507; x_wconf 71' lang='lat' dir='ltr'><strong>sane</strong></span> <span class='ocrx_word' id='word_1_334' title='bbox 1668 2460 1835 2522; x_wconf 79' lang='lat' dir='ltr'><strong>saepius</strong></span> <span class='ocrx_word' id='word_1_335' title='bbox 1873 2459 2069 2505; x_wconf 79' lang='lat' dir='ltr'><strong>cita-tum</strong></span> <span class='ocrx_word' id='word_1_336' title='bbox 2110 2475 2164 2508; x_wconf 80' lang='lat' dir='ltr'><strong>ae</strong></span> <span class='ocrx_word' id='word_1_337' title='bbox 2202 2458 2446 2507; x_wconf 68' lang='lat' dir='ltr'><strong>laudatum</strong></span> 
     </span>
     <span class='ocr_line' id='line_1_55' title="bbox 1419 2538 2447 2605; baseline 0 -17"><span class='ocrx_word' id='word_1_338' title='bbox 1419 2540 1512 2589; x_wconf 82' lang='lat' dir='ltr'><strong>hoc</strong></span> <span class='ocrx_word' id='word_1_339' title='bbox 1540 2556 1658 2605; x_wconf 84' lang='lat' dir='ltr'><strong>opus</strong></span> <span class='ocrx_word' id='word_1_340' title='bbox 1682 2550 1750 2590; x_wconf 73' lang='lat' dir='ltr'><strong>est</strong></span> <span class='ocrx_word' id='word_1_341' title='bbox 1779 2558 1804 2587; x_wconf 87' lang='lat' dir='ltr'><strong>a</strong></span> <span class='ocrx_word' id='word_1_342' title='bbox 1824 2538 2122 2605; x_wconf 81' lang='lat' dir='ltr'><strong>scriptoribus</strong></span> <span class='ocrx_word' id='word_1_343' title='bbox 2153 2541 2447 2605; x_wconf 70' lang='lat' dir='ltr'><strong>protestanti-</strong></span> 
     </span>
     <span class='ocr_line' id='line_1_56' title="bbox 1422 2622 2171 2682; baseline -0.003 -10"><span class='ocrx_word' id='word_1_344' title='bbox 1422 2624 1512 2672; x_wconf 84' lang='lat' dir='ltr'><strong>bus</strong></span> <span class='ocrx_word' id='word_1_345' title='bbox 1530 2661 1543 2682; x_wconf 78' lang='lat'><strong>‚</strong></span> <span class='ocrx_word' id='word_1_346' title='bbox 1571 2622 1757 2671; x_wconf 86' lang='lat' dir='ltr'><strong>biblicis</strong></span> <span class='ocrx_word' id='word_1_347' title='bbox 1785 2632 1830 2670; x_wconf 89' lang='lat' dir='ltr'><strong>et</strong></span> <span class='ocrx_word' id='word_1_348' title='bbox 1855 2623 2171 2671; x_wconf 83' lang='lat' dir='ltr'><strong>rationalistis.</strong></span> 
     </span>
    </p>

    <p class='ocr_par' dir='ltr' id='par_1_9' title="bbox 1426 2704 2451 3023">
     <span class='ocr_line' id='line_1_57' title="bbox 1492 2704 2450 2773; baseline 0 -20"><span class='ocrx_word' id='word_1_349' title='bbox 1492 2705 1570 2754; x_wconf 84' lang='lat' dir='ltr'><strong>Sic</strong></span> <span class='ocrx_word' id='word_1_350' title='bbox 1585 2704 1768 2770; x_wconf 88' lang='lat' dir='ltr'><strong>probari</strong></span> <span class='ocrx_word' id='word_1_351' title='bbox 1786 2722 1882 2753; x_wconf 88' lang='lat' dir='ltr'><strong>non</strong></span> <span class='ocrx_word' id='word_1_352' title='bbox 1902 2716 2096 2770; x_wconf 84' lang='lat' dir='ltr'><strong>possunt</strong></span> <span class='ocrx_word' id='word_1_353' title='bbox 2115 2742 2127 2764; x_wconf 88' lang='lat'><strong>,</strong></span> <span class='ocrx_word' id='word_1_354' title='bbox 2144 2723 2244 2773; x_wconf 83' lang='lat' dir='ltr'><strong>quae</strong></span> <span class='ocrx_word' id='word_1_355' title='bbox 2260 2707 2311 2753; x_wconf 91' lang='lat' dir='ltr'><strong>in</strong></span> <span class='ocrx_word' id='word_1_356' title='bbox 2327 2705 2450 2754; x_wconf 87' lang='lat' dir='ltr'><strong>banc</strong></span> 
     </span>
     <span class='ocr_line' id='line_1_58' title="bbox 1427 2787 2451 2854; baseline -0.002 -16"><span class='ocrx_word' id='word_1_357' title='bbox 1427 2791 1707 2838; x_wconf 84' lang='lat' dir='ltr'><strong>sententiam</strong></span> <span class='ocrx_word' id='word_1_358' title='bbox 1735 2788 1877 2837; x_wconf 84' lang='lat' dir='ltr'><strong>habet</strong></span> <span class='ocrx_word' id='word_1_359' title='bbox 1893 2787 2131 2836; x_wconf 84' lang='lat' dir='ltr'><strong>Marianus</strong></span> <span class='ocrx_word' id='word_1_360' title='bbox 2163 2788 2451 2854; x_wconf 83' lang='lat' dir='ltr'><strong>Dobmayer‚</strong></span> 
     </span>
     <span class='ocr_line' id='line_1_59' title="bbox 1426 2870 2446 2938; baseline -0.001 -17"><span class='ocrx_word' id='word_1_361' title='bbox 1426 2876 1477 2921; x_wconf 74' lang='lat' dir='ltr'><strong>in</strong></span> <span class='ocrx_word' id='word_1_362' title='bbox 1498 2890 1584 2924; x_wconf 78' lang='lat' dir='ltr'><strong>suo</strong></span> <span class='ocrx_word' id='word_1_363' title='bbox 1605 2871 1868 2938; x_wconf 53' lang='lat' dir='ltr'><strong>*Sy-stemate</strong></span> <span class='ocrx_word' id='word_1_364' title='bbox 1894 2870 2141 2937; x_wconf 72' lang='lat' dir='ltr'><strong>theolcyioe</strong></span> <span class='ocrx_word' id='word_1_365' title='bbox 2159 2870 2410 2920; x_wconf 72' lang='lat' dir='ltr'><strong>catholicoe</strong></span> <span class='ocrx_word' id='word_1_366' title='bbox 2432 2909 2446 2932; x_wconf 95' lang='lat'>,</span> 
     </span>
     <span class='ocr_line' id='line_1_60' title="bbox 1427 2953 2413 3023; baseline 0.002 -19"><span class='ocrx_word' id='word_1_367' title='bbox 1427 2956 1650 3005; x_wconf 81' lang='lat' dir='ltr'><strong>Solisbaci</strong></span> <span class='ocrx_word' id='word_1_368' title='bbox 1687 2953 1806 3004; x_wconf 69' lang='lat'><strong>1811</strong></span> <span class='ocrx_word' id='word_1_369' title='bbox 1837 2994 1850 3016; x_wconf 88' lang='lat'>‚</span> <span class='ocrx_word' id='word_1_370' title='bbox 1890 2966 2006 3005; x_wconf 75' lang='lat' dir='ltr'><strong>tom.</strong></span> <span class='ocrx_word' id='word_1_371' title='bbox 2045 2973 2124 3015; x_wconf 67' lang='grc' dir='ltr'><strong>ιν,</strong></span> <span class='ocrx_word' id='word_1_372' title='bbox 2157 2974 2272 3023; x_wconf 84' lang='lat' dir='ltr'><strong>pag,</strong></span> <span class='ocrx_word' id='word_1_373' title='bbox 2300 2954 2413 3021; x_wconf 80' lang='lat'><strong>195.</strong></span> 
     </span>
    </p>

    <p class='ocr_par' dir='ltr' id='par_1_10' title="bbox 1429 3037 2454 3602">
     <span class='ocr_line' id='line_1_61' title="bbox 1495 3037 2454 3102; baseline 0.001 -15"><span class='ocrx_word' id='word_1_374' title='bbox 1495 3037 1570 3102; x_wconf 69' lang='lat' dir='ltr'><strong>(l)</strong></span> <span class='ocrx_word' id='word_1_375' title='bbox 1604 3038 1704 3089; x_wconf 83' lang='lat' dir='ltr'><strong>Hac·</strong></span> <span class='ocrx_word' id='word_1_376' title='bbox 1721 3041 1851 3089; x_wconf 78' lang='lat' dir='ltr'><strong>enim</strong></span> <span class='ocrx_word' id='word_1_377' title='bbox 1875 3041 2050 3090; x_wconf 72' lang='lat' dir='ltr'><strong>ratione</strong></span> <span class='ocrx_word' id='word_1_378' title='bbox 2079 3038 2134 3088; x_wconf 85' lang='lat' dir='ltr'><strong>fit</strong></span> <span class='ocrx_word' id='word_1_379' title='bbox 2152 3051 2235 3099; x_wconf 69' lang='lat' dir='ltr'><strong>⁷ut</strong></span> <span class='ocrx_word' id='word_1_380' title='bbox 2252 3078 2266 3100; x_wconf 92' lang='lat'>‚</span> <span class='ocrx_word' id='word_1_381' title='bbox 2288 3045 2454 3089; x_wconf 71' lang='lat' dir='ltr'><strong>timore</strong></span> 
     </span>
     <span class='ocr_line' id='line_1_62' title="bbox 1429 3123 2449 3190; baseline 0.001 -18"><span class='ocrx_word' id='word_1_382' title='bbox 1429 3123 1656 3190; x_wconf 82' lang='lat' dir='ltr'><strong>depulso,</strong></span> <span class='ocrx_word' id='word_1_383' title='bbox 1689 3124 1777 3189; x_wconf 76' lang='lat' dir='ltr'><strong>ipsi</strong></span> <span class='ocrx_word' id='word_1_384' title='bbox 1808 3132 2045 3173; x_wconf 79' lang='lat' dir='ltr'><strong>transeant</strong></span> <span class='ocrx_word' id='word_1_385' title='bbox 2076 3141 2130 3173; x_wconf 76' lang='lat' dir='ltr'><strong>ex</strong></span> <span class='ocrx_word' id='word_1_386' title='bbox 2170 3142 2263 3172; x_wconf 76' lang='lat' dir='ltr'><strong>una</strong></span> <span class='ocrx_word' id='word_1_387' title='bbox 2298 3127 2347 3173; x_wconf 83' lang='lat' dir='ltr'><strong>in</strong></span> <span class='ocrx_word' id='word_1_388' title='bbox 2380 3123 2449 3173; x_wconf 79' lang='lat' dir='ltr'><strong>al·</strong></span> 
     </span>
     <span class='ocr_line' id='line_1_63' title="bbox 1430 3206 2454 3270; baseline 0.003 -17"><span class='ocrx_word' id='word_1_389' title='bbox 1430 3216 1575 3255; x_wconf 82' lang='lat' dir='ltr'><strong>teram</strong></span> <span class='ocrx_word' id='word_1_390' title='bbox 1603 3206 1986 3255; x_wconf 82' lang='lat' dir='ltr'><strong>communionem</strong></span> <span class='ocrx_word' id='word_1_391' title='bbox 1997 3241 2019 3266; x_wconf 82' lang='lat'><strong>,.</strong></span> <span class='ocrx_word' id='word_1_392' title='bbox 2036 3223 2090 3256; x_wconf 79' lang='lat' dir='ltr'><strong>ac</strong></span> <span class='ocrx_word' id='word_1_393' title='bbox 2113 3208 2150 3254; x_wconf 88' lang='lat' dir='ltr'><strong>si</strong></span> <span class='ocrx_word' id='word_1_394' title='bbox 2168 3216 2377 3270; x_wconf 72' lang='lat' dir='ltr'><strong>ageretur</strong></span> <span class='ocrx_word' id='word_1_395' title='bbox 2396 3206 2454 3256; x_wconf 74' lang='lat' dir='ltr'><strong>de</strong></span> 
     </span>
     <span class='ocr_line' id='line_1_64' title="bbox 1430 3287 2454 3339; baseline 0.001 -3"><span class='ocrx_word' id='word_1_396' title='bbox 1430 3290 1627 3337; x_wconf 74' lang='lat' dir='ltr'><strong>transitu</strong></span> <span class='ocrx_word' id='word_1_397' title='bbox 1654 3287 1711 3337; x_wconf 91' lang='lat' dir='ltr'><strong>de</strong></span> <span class='ocrx_word' id='word_1_398' title='bbox 1738 3305 1831 3335; x_wconf 83' lang='lat' dir='ltr'><strong>una</strong></span> <span class='ocrx_word' id='word_1_399' title='bbox 1861 3291 1911 3336; x_wconf 87' lang='lat' dir='ltr'><strong>in</strong></span> <span class='ocrx_word' id='word_1_400' title='bbox 1952 3289 2090 3338; x_wconf 84' lang='lat' dir='ltr'><strong>aliam</strong></span> <span class='ocrx_word' id='word_1_401' title='bbox 2126 3289 2332 3337; x_wconf 88' lang='lat' dir='ltr'><strong>scholam</strong></span> <span class='ocrx_word' id='word_1_402' title='bbox 2371 3297 2454 3339; x_wconf 86' lang='lat' dir='ltr'><strong>aut</strong></span> 
     </span>
     <span class='ocr_line' id='line_1_65' title="bbox 1433 3359 2453 3439; baseline -0.002 -18"><span class='ocrx_word' id='word_1_403' title='bbox 1433 3373 1721 3421; x_wconf 87' lang='lat' dir='ltr'><strong>academiam</strong></span> <span class='ocrx_word' id='word_1_404' title='bbox 1737 3390 1750 3429; x_wconf 90' lang='lat'><strong>·‚</strong></span> <span class='ocrx_word' id='word_1_405' title='bbox 1770 3371 2170 3439; x_wconf 87' lang='lat' dir='ltr'><strong>quemadmodum</strong></span> <span class='ocrx_word' id='word_1_406' title='bbox 2192 3389 2289 3420; x_wconf 91' lang='lat' dir='ltr'><strong>non</strong></span> <span class='ocrx_word' id='word_1_407' title='bbox 2305 3359 2453 3436; x_wconf 76' lang='lat' dir='ltr'><strong>pauca</strong></span> 
     </span>
     <span class='ocr_line' id='line_1_66' title="bbox 1435 3454 2451 3518; baseline -0.004 -15"><span class='ocrx_word' id='word_1_408' title='bbox 1435 3456 1643 3503; x_wconf 80' lang='lat' dir='ltr'><strong>luctuosa</strong></span> <span class='ocrx_word' id='word_1_409' title='bbox 1675 3454 1889 3518; x_wconf 77' lang='lat' dir='ltr'><strong>exempla</strong></span> <span class='ocrx_word' id='word_1_410' title='bbox 1904 3460 2133 3503; x_wconf 84' lang='lat' dir='ltr'><strong>testantur</strong></span> <span class='ocrx_word' id='word_1_411' title='bbox 2157 3454 2451 3502; x_wconf 81' lang='lat' dir='ltr'><strong>infirmorum</strong></span> 
     </span>
     <span class='ocr_line' id='line_1_67' title="bbox 1432 3535 2340 3602; baseline -0.002 -17"><span class='ocrx_word' id='word_1_412' title='bbox 1432 3537 1603 3585; x_wconf 79' lang='lat' dir='ltr'><strong>scilicet</strong></span> <span class='ocrx_word' id='word_1_413' title='bbox 1627 3536 1940 3602; x_wconf 85' lang='lat' dir='ltr'><strong>quorumdam</strong></span> <span class='ocrx_word' id='word_1_414' title='bbox 1975 3535 2340 3586; x_wconf 87' lang='lat' dir='ltr'><strong>Catholicorum.</strong></span> 
     </span>
    </p>
   </div>
  </div>
 </body>
</html>
