2554 4140
967 141 1287 180 CONCLUSIO.

2070 111 2186 171 369

80 294 310 353 minum
349 285 836 370 disputationibus
858 330 875 361 7
927 295 987 344 et
1027 279 1223 343 omnia
1263 282 1519 353 incerta,
1573 279 1770 336 omnia
1815 276 2053 336 confusa
2099 296 2190 334 es—

52 398 212 459 -sent
233 431 248 459 7
283 406 347 444 ac
385 382 584 462 religio
622 381 914 441 desineret
953 380 1019 437 in
1048 375 1540 457 ‘pyrrhonismum
1580 372 1677 432 vel
1726 370 2191 454 philosophicam

84 481 465 562 quaestionem
496 476 632 556 (1)‘?
666 478 733 535 In
755 475 865 533 hoc
888 481 1197 552 systemate
1222 472 1559 528 Protestans
1585 469 1708 529 sive
1729 467 2030 525 haereticus
2049 511 2065 540 7
2104 464 2197 523 di-

83 577 282 638 vulsus
303 575 377 634 ab
400 573 641 633 Ecclesia
663 572 933 631 universa
953 565 1216 626 omnium
1232 564 1575 623 saeculorum
1595 610 1611 639 7
1642 586 1886 645 quaeque
1914 563 2196 622 hactenus

85 673 397 755 perdurat,
425 681 749 750 segregatus
786 690 817 726 a
853 662 1142 733 consortio
1170 680 1373 718 corum
1403 661 1579 719 etiam
1616 663 1717 742 qui
1749 660 2057 719 Ecclesiam
2094 659 2200 718 de-

86 778 396 827 seruerunt
414 811 430 840 7
469 787 601 823 cum
627 763 869 843 quisque
890 755 1115 839 ,habeat
1144 776 1212 813 ex
1241 753 1526 834 principio
1557 755 2025 814 protestantismi
2061 753 2201 813 reli-

88 863 318 941 gionem
350 881 512 919 suam
552 852 1009 925 individualem,
1046 861 1104 909 et
1140 848 1248 907 sibi
1271 871 1302 906 a
1334 870 1393 906 se
1420 854 1649 919 cusam7
1686 848 1838 934 solus
1872 861 1960 907 est
1982 895 1997 923 7
2042 847 2205 908 velut

90 957 278 1015 insula
313 955 434 1014 sive
469 949 737 1031 scopulus
762 996 777 1023 7
813 949 874 1005 in
911 945 1105 1005 medio
1148 945 1294 1003 mari
1320 943 1584 1025 procellis
1621 941 2008 1023 fluctibusque
2037 943 2206 1003 undi-

90 1073 204 1133 que
239 1068 562 1131 percussus,
598 1044 785 1120 Quam
821 1064 959 1102 vero
988 1062 1186 1120 spem,
1223 1038 1454 1120 quodve
1487 1038 1757 1096 solatium
1789 1059 1994 1118 capere
2017 1047 2212 1118 potest

90 1166 160 1204 ex
184 1143 458 1222 religione
489 1140 633 1198 sua?
668 1136 822 1210 Quid
848 1137 895 1195 si
933 1136 1135 1195 erret?
1162 1132 1328 1207 Quod
1356 1132 1638 1212 judicium
1675 1131 1782 1190 sibi
1811 1131 2070 1211 polliceri
2101 1153 2211 1213 po·-

91 1238 227 1297 terit
252 1260 284 1295 a
315 1236 544 1295 Christo
570 1234 819 1291 Domino
842 1243 975 1312 post
1004 1228 1302 1288 mortem?
1332 1228 1542 1286 Omnia
1579 1226 1754 1308 plane
1790 1227 1851 1285 in
1883 1228 1996 1286 hoc
2025 1238 2211 1307 syste-

92 1344 250 1392 mate
278 1331 581 1389 horrorcm
603 1328 876 1408 ingerunt
894 1371 910 1400 7
955 1345 1019 1384 ac
1048 1324 1223 1406 plena
1249 1323 1444 1382 omnia
1468 1322 1779 1381 formidine
1808 1333 1965 1381 sunt.
2003 1323 2047 1380 E
2070 1343 2213 1380 con—

165 1575 232 1638 (l)
270 1573 342 1634 En
379 1572 612 1639 quomodo
642 1570 702 1620 ab
739 1570 830 1619 alio
865 1569 977 1617 solio
1006 1586 1112 1633 pro-

99 1658 336 1705 testantico
353 1672 608 1719 progressus
621 1652 988 1700 Protestantismi
1007 1650 1111 1698 des-

98 1738 292 1787 cribitur
324 1754 337 1784 :
374 1735 502 1783 C’est
529 1752 595 1782 au
612 1734 837 1782 seizieme
863 1732 1001 1780 siecle
1025 1748 1114 1796 que

98 1819 147 1867 la
176 1818 413 1884 premiere
455 1817 582 1881 sois,
616 1815 737 1862 dans
781 1814 828 1862 la
878 1816 997 1861 serie
1035 1813 1115 1859 des

99 1906 392 1949 &venements
427 1901 515 1963 qui
548 1915 670 1945 nous
703 1899 987 1945 interessent
1006 1930 1020 1954 ,
1054 1910 1116 1941 on

101 1984 200 2030 voit
239 1980 284 2028 la
320 1980 483 2028 liberte
513 1980 570 2027 de
601 1981 873 2027 conscience
906 1987 1119 2025 ouverte-

104 2071 233 2126 ment
250 2070 294 2109 et
309 2069 561 2109 nettement
581 2063 734 2124 eriqee
765 2077 827 2107 en
852 2061 1078 2126 principe
1097 2075 1118 2118 ,·

104 2146 230 2191 mais
271 2142 464 2190 d‘abord
503 2159 554 2189 ce
585 2142 703 2190 n'est
732 2128 873 2207 point
916 2149 1030 2188 cette
1056 2139 1118 2187 li·

103 2225 228 2272 berte
246 2223 461 2271 illimitee
476 2221 621 2287 qu’on
635 2239 666 2269 a
681 2223 907 2270 reclamee
924 2222 1113 2287 depuis,

106 2306 213 2354 c'est
239 2307 496 2353 seulement
510 2303 556 2350 Ia
569 2303 747 2367 faculte
760 2304 815 2351 de
833 2306 984 2351 croire
1006 2342 1018 2363 7
1036 2320 1122 2350 sur

107 2404 179 2434 un
208 2387 393 2434 certain
413 2386 607 2433 nombre
632 2386 688 2432 de
710 2387 878 2450 points
901 2385 1122 2432 determi-

106 2473 209 2525 nes,
226 2476 493 2515 autrement
509 2484 597 2531 que
619 2466 822 2530 I'Eylise
836 2466 1119 2532 catholique.

109 2551 160 2598 A
188 2566 371 2610 nzesure
399 2549 536 2614 qu'en
555 2566 604 2596 se
627 2549 884 2596 succedant
903 2586 915 2606 ‚
947 2548 1011 2595 les
1026 2565 1123 2595 sec-

110 2639 177 2680 tes
195 2668 208 2691 7
240 2633 326 2696 qui
346 2631 561 2678 s’elevent
590 2629 657 2676 du
680 2631 784 2676 sein
803 2629 860 2676 de
899 2622 1122 2693 l’Eylise‚

106 2713 394 2778 pretendent
427 2711 670 2774 s'eloiyner
691 2710 962 2774 davantaqe
981 2710 1037 2757 de
1068 2727 1123 2758 sa

113 2793 324 2840 doctrine
344 2829 359 2849 ,
394 2792 500 2839 elles
533 2791 737 2839 recalent
780 2794 918 2839 aussi
951 2791 1125 2838 theeri-

112 2883 332 2939 quement
380 2873 443 2920 les
494 2873 662 2920 bornes
700 2873 756 2920 de
807 2874 934 2921 cette
951 2872 1128 2938 faculte'

115 2955 303 3020 qu'elles
344 2955 643 3003 s’attribuent
670 2972 768 3020 par
807 2955 848 3002 le
879 2955 993 3019 fait.
1042 2955 1128 3003 Les

117 3024 348 3085 Eoritures
379 3039 549 3085 saci-ees
578 3039 769 3084 avaient
787 3041 855 3084 ete
874 3037 1067 3085 d’abord
1088 3035 1129 3084 le

120 3119 290 3184 champ
306 3157 321 3179 ‚
349 3118 410 3166 οἰι
441 3118 481 3166 il
499 3121 771 3184 paraissait
801 3136 1012 3166 convena
1041 3135 1130 3183 que

122 3200 170 3249 la
193 3200 352 3247 liberte
381 3199 437 3247 de
456 3203 725 3248 conscience
755 3201 916 3249 devait
948 3218 995 3247 se
1029 3217 1130 3247 ren-

124 3283 321 3346 fermer3
339 3282 513 3329 bientot
522 3291 632 3330 cette
646 3281 797 3330 limite
814 3291 881 3330 est
889 3281 1132 3346 franchis,-

118 3364 169 3413 la
204 3365 394 3428 religion
435 3379 534 3429 par
560 3364 776 3429 quelques
812 3364 1019 3412 hommes
1066 3371 1134 3411 est

121 3445 304 3494 reduite
326 3481 342 3506 ‚
371 3445 491 3493 dans
513 3463 601 3494 son
622 3446 785 3510 doqme
802 3482 818 3508 ,
847 3448 878 3494 ὰ
894 3463 988 3494 une
1013 3447 1133 3493 sim-

116 3527 198 3593 ple
227 3529 504 3592 conception
531 3527 588 3575 de
609 3528 655 3576 la
681 3531 846 3577 raison
869 3536 915 3576 et
931 3529 998 3576 du
1024 3544 1133 3577 sen-

121 3610 292 3657 timent
308 3646 321 3667 ,
352 3617 397 3656 et
419 3609 543 3659 dans
566 3627 652 3659 son
679 3610 803 3660 culte
830 3611 862 3659 ὰ
893 3628 988 3660 une
1014 3627 1136 3677 pure

287 3692 349 3749 T.
399 3694 443 3751 Ι.

1199 1567 1405 1616 relation
1450 1568 1810 1634 metaphysique
1843 1568 1900 1616 de
1940 1565 2161 1616 l'homme
2182 1569 2214 1617 ὰ

1197 1667 1283 1698 son
1323 1649 1587 1707 Createur;
1620 1652 1751 1714 enfin
1790 1649 1856 1697 les
1885 1651 2010 1698 idees
2042 1649 2218 1715 fonda-

1200 1731 1424 1780 mentales
1440 1732 1495 1779 de
1510 1740 1635 1780 toute
1646 1735 1921 1780 institution
1942 1750 2003 1779 ou
2013 1750 2194 1798 croyon
2204 1763 2220 1773 -

1202 1831 1253 1861 ce
1300 1814 1550 1878 reliqieuse
1597 1823 1704 1862 sont
1747 1815 2055 1863 elles-memes
2097 1824 2224 1864 atta-

1203 1900 1370 1960 qn-ees7
1401 1905 1446 1943 et
1461 1897 1570 1944 c'est
1594 1897 1626 1944 ὰ
1660 1896 1804 1943 l’abri
1834 1898 1900 1944 du
1918 1899 2145 1963 principe
2168 1898 2225 1945 de

1201 1978 1247 2025 Ia
1296 1977 1462 2025 liberte
1492 1978 1548 2025 de
1574 1980 1849 2026 conscience
1869 2016 1881 2039 7
1925 1982 2137 2044 toujours
2169 1980 2228 2027 de

1194 2058 1309 2125 plus
1337 2077 1397 2107 en
1425 2060 1544 2125 plus
1571 2061 1794 2122 elmodac,
1833 2078 1922 2125 que
1954 2078 2027 2109 ces
2065 2061 2226 2109 divers
2306 2122 2309 2125 ,

1202 2140 1364 2205 deqres
1389 2140 1729 2193 d'incredulile
1751 2159 1799 2189 se
1820 2142 2105 2207 produisent
2119 2151 2228 2191 tour

1204 2223 1235 2270 ὰ
1267 2233 1375 2271 tour
1399 2232 1443 2270 et
1471 2225 1677 2273 essaient
1707 2224 1762 2271 de
1785 2241 1834 2272 se
1855 2224 1986 2289 faire
2015 2227 2227 2274 receuoir

1209 2305 1575 2368 (Producteur7
1606 2325 1659 2355 n.
1679 2324 1713 2373 9
1735 2345 1747 2366 7
1775 2325 1876 2371 pag.
1929 2304 2076 2369 408).
2120 2308 2224 2357 Hoc

1206 2390 1359 2451 ipsum
1378 2424 1391 2446 7
1423 2389 1522 2452 jam
1554 2405 1578 2435 a
1606 2390 1771 2452 quinto
1803 2388 2016 2436 Ecclesiae
2041 2390 2223 2446 saecuIO,

1207 2485 1392 2516 rursum
1429 2470 1700 2532 praeviderat
1736 2475 1783 2517 et
1808 2474 2222 2534 praenunciaverat,

1211 2552 1262 2596 in
1287 2567 1371 2596 suo
1403 2549 1666 2596 admirabili
1687 2549 2061 2598 Commonitorio
2080 2587 2093 2608 ‚
2123 2569 2228 2616 cap.

1213 2647 1343 2689 xxxi,
1381 2629 1654 2677 Vincentius
1686 2630 1938 2679 Lirinensis
1980 2648 1993 2679 :
2025 2631 2155 2680 Nam
2183 2637 2231 2680 si

1208 2709 1351 2757 semel
1396 2710 1608 2758 admissa
1650 2710 1806 2774 fuerit
1823 2749 1836 2771 7
1883 2715 2037 2778 inquit
2067 2751 2080 2770 ‚
2129 2713 2230 2763 hoec

1211 2792 1366 2857 impia
1393 2791 1588 2855 fraudis
1618 2790 1817 2839 licentia
1843 2830 1856 2851 7
1889 2793 2054 2842 horreo
2072 2795 2231 2844 dicere

1209 2881 1440 2937 quantam
1500 2872 1835 2921 exscindendoe
1876 2883 2016 2940 atque
2050 2876 2230 2925 abolen-

1212 2953 1287 3002 doe
1317 2953 1462 3018 reliqi
1470 2956 1576 3001 onis
1588 2954 1865 3020 periculum
1890 2968 2228 3022 consequatur.

1214 3037 1263 3085 A
1268 3036 1458 3084 bdicata
1474 3038 1647 3084 etenim
1678 3037 1891 3100 qualibet
1906 3048 2048 3104 parte
2077 3042 2230 3091 catho-

1214 3119 1329 3168 licis
1343 3120 1583 3184 doqmatis
1601 3158 1614 3179 ,
1634 3120 1739 3168 alia
1755 3138 1936 3187 quoque
1954 3132 2094 3189 atque
2119 3126 2230 3174 item

1214 3201 1314 3249 alia
1334 3240 1347 3261 7
1382 3219 1439 3249 ac
1490 3202 1712 3268 deinceps
1746 3203 1847 3252 alia
1885 3214 1930 3253 et
1961 3205 2064 3254 alia
2085 3209 2232 3273 ;jam

1214 3285 1358 3348 quasi
1382 3301 1441 3332 ex
1470 3301 1598 3332 more
1623 3293 1668 3332 et
1694 3283 1824 3333 licito
1856 3286 2225 3338 abdicabuntur.

1219 3367 1374 3414 Porro
1414 3374 1573 3413 autem
1602 3365 1888 3430 sinqillatim
1908 3370 2137 3435 partibus
2160 3387 2235 3420 re-

1211 3448 1435 3514 pudiatis
1448 3483 1464 3510 ‚
1485 3448 1607 3512 quid
1635 3447 1774 3497 aliud
1800 3449 1864 3497 ad
1883 3459 2143 3499 extremum
2159 3469 2232 3500 se-

1218 3540 1417 3596 quetur,
1463 3532 1567 3580 nisi
1594 3540 1650 3580 ut
1692 3539 1839 3581 totum
1869 3535 2063 3599 pariter
2088 3551 2231 3601 repu-

1223 3612 1421 3662 dictur?

1916 3694 1993 3750 24
