2554 4140
2049 104 2164 165 189

417 129 539 167 cu.
584 129 663 169 ιν.
712 131 781 166 ηπ,
823 129 998 167 mus-r.
1043 111 1154 168 niv.
1200 127 1272 168 Ac
1303 125 1609 167 summu.
1658 126 1789 166 ην.

131 270 268 329 425.
316 268 405 328 Ad
440 270 561 345 4¹¹¹,
604 271 805 351 Neque
829 291 862 328 a
896 290 998 348 spe
1039 268 1454 351 emolumenti,
1491 288 1620 349 quae
1645 263 1895 326 absurda
1932 264 2164 340 fuisset,

51 365 192 425 dum
208 366 398 448 potius
424 367 691 426 omnium
720 366 1013 424 bonorum
1030 363 1466 443 jacturam'pati
1491 362 1776 422 deberent
1793 408 1808 438 ,
1836 383 1901 421 ac
1927 362 2181 421 nonnisi·

50 483 168 519 uno
212 461 393 540 gradu
426 483 459 519 a
505 472 694 521 morte
743 459 1049 519 durissima
1098 455 1525 516 dividerentur.
1568 458 1786 517 Divites
1836 478 1902 516 ac
1938 455 2167 516 nobiles

50 554 159 614 hac
184 578 286 636 spe
314 557 535 617 moveri
560 577 682 614 non
704 553 1062 636 potuissent3
1096 550 1454 625 innumeriS‚
1490 550 1536 607 si
1567 551 1968 632 resipuissent,
2002 574 2165 634 opeS,

52 649 301 710 honores
323 696 339 725 7
368 648 669 709 commoda
690 692 706 721 .‚
739 646 921 705 officia
952 643 1184 726 publica
1215 642 1632 703 offerebantur.

133 745 274 803 426.
325 744 415 804 Ad
455 744 571 817 5¹¹¹,
616 743 818 822 Neque
857 738 1100 799 demum
1133 761 1205 798 ex
1251 744 1438 798 inani
1463 742 1828 818 futurorum
1875 742 2168 802 honorum

51 842 475 918 expectatione,
507 836 618 895 nisi
645 846 869 894 certum
896 856 961 894 ac
988 856 1334 916 persuasum
1366 834 1504 916 ipsis
1534 834 1733 893 fuisset
1755 833 2019 895 divinam
2045 858 2169 898 esse

54 933 215 992 illam
238 932 414 992 fidem
432 977 448 1007 ‚
475 951 651 1012 quam
676 930 914 1012 proprio
947 931 1229 1010 sanguine
1262 928 1686 1011 obsignabant3
1717 950 1910 1012 neque
1937 931 2171 1011 ignora-

52 1026 199 1087 bant
232 1026 354 1086 haec
390 1025 648 1108 Apostoli
682 1025 835 1085 dicta
872 1048 884 1084 :
930 1027 1003 1085 Si
1032 1027 1307 1086 Christus
1343 1047 1464 1085 non
1493 1028 1863 1097 resurrexit,
1896 1047 2060 1085 vana
2090 1037 2176 1087 est

44 1123 190 1201 fides
212 1132 402 1181 vestra
419 1164 440 1193 ,
467 1126 677 1181 inanis
694 1122 1059 1201 praedicatio
1085 1132 1318 1187 nostra3
1344 1122 1418 1180 Si
1433 1124 1664 1184 mortui
1683 1141 1805 1179 non
1828 1131 2171 1202 resurqent,

50 1218 517 1276 miserabiliores
553 1238 767 1275 sumus
799 1218 1084 1275 omnibus
1112 1217 1462 1276 hominihus
1478 1239 1498 1282 ‚·
1538 1216 1980 1276 Manducemus
2010 1227 2066 1274 et
2088 1217 2175 1275 hi-

51 1314 267 1371 hamus
295 1334 431 1371 cras
459 1316 622 1370 enim
650 1316 1003 1371 moriemur.
1526 1372 1532 1384 ,

135 1407 276 1465 427.
314 1406 400 1466 Ad
418 1407 520 1479 6¹1¹,
535 1428 635 1466 seu
657 1407 735 1464 lm
753 1407 1082 1465 confirmat.
1105 1409 1264 1466 Dist.
1291 1406 1401 1480 Qui
1415 1429 1475 1466 se
1490 1406 1641 1489 ipsos
1655 1406 2000 1466 interimant
2003 1412 2175 1487 juxta

49 1503 299 1584 propriae
343 1501 764 1583 superstitionis
813 1500 1172 1583 impulsum,
1219 1513 1453 1574 trans.;
1502 1502 1603 1583 qui
1645 1501 1719 1561 ab
1759 1501 1887 1561 aliis
1921 1514 2175 1563 mortem

51 1598 377 1655 sustineant
416 1595 491 1654 ad
535 1595 962 1655 testificandam
1011 1597 1263 1679 propriae
1304 1597 1594 1677 religionis
1639 1598 1989 1674 veritatem,
2042 1621 2173 1680 neq.

51 1694 218 1751 Patet
255 1692 498 1773 proinde
530 1692 735 1771 ingens
767 1691 1115 1766 discrimen,
1162 1693 1319 1773 quod
1363 1694 1675 1752 intercedit
1712 1694 1869 1752 inter
1914 1695 2174 1756 infelices

51 1788 182 1849 illas
210 1789 633 1871 superstitionis
662 1791 915 1871 propriae
955 1790 1216 1850 victimas
1244 1800 1304 1848 et
1338 1789 1683 1849 christianos
1707 1802 1993 1871 martyres
2013 1837 2029 1866 ‚
2073 1791 2175 1874 qui

54 1884 299 1943 minime
326 1884 388 1942 in
413 1905 473 1943 se
498 1906 706 1943 manus
750 1884 1079 1943 intulerunt
1099 1931 1113 1960 ,
1153 1884 1258 1944 sed
1281 1883 1355 1943 ab
1383 1884 1506 1943 aliis
1534 1896 1786 1945 mortem
1816 1885 1926 1944 sibi
1952 1885 2175 1945 illatam

57 1979 461 2038 sustinuerunt
475 1978 549 2038 ad
563 1979 709 2039 facta
730 1979 1115 2055 testificanda,
1135 2002 1384 2062 quorum
1402 1979 1493 2040 vel
1514 1992 1868 2063 spectatores
1885 1981 1982 2059 vel
1999 1993 2175 2042 testes

59 2073 131 2133 de
172 2074 375 2133 auditu
414 2075 649 2134 fuerunt
672 2120 688 2151 ,
730 2086 797 2133 ut
832 2076 894 2133 in
930 2074 1376 2157 probationibus
1424 2075 1773 2135 adnotatum
1815 2089 1924 2136 est.
1974 2078 2177 2158 Itaque

58 2169 120 2227 in
147 2168 259 2228 illis
290 2190 467 2229 caecus
503 2170 662 2229 furor
681 2215 697 2245 ,
723 2171 784 2229 in
819 2169 908 2229 his
942 2171 1203 2231 veritatis
1226 2172 1549 2231 testificatio
1574 2171 1936 2251 agnoscenda
1954 2171 2171 2253 est(l).

57 2362 339 2410 cumierunt
368 2364 426 2410 in
444 2362 629 2412 melotis
651 2401 663 2424 ‚
691 2364 748 2412 in
767 2363 980 2430 pellibus
998 2381 1079 2413 ca-

53 2445 224 2510 prinis
241 2481 253 2504 ‚
275 2454 459 2509 eqentes
479 2483 492 2504 ‚
511 2448 785 2511 anqustiati
796 2487 814 2507 ,
848 2447 1075 2512 afflicti...

65 2527 126 2573 in
136 2526 481 2576 solitudinibus
494 2537 727 2587 errantes,
747 2530 802 2577 in
812 2547 860 2581 vm
867 2529 1056 2578 ontibus
1064 2566 1077 2589 ‚

67 2617 111 2656 et
138 2608 381 2675 speluncis
398 2648 412 2671 ‚
437 2620 480 2659 et
492 2612 548 2658 in
567 2613 786 2659 cavernis
810 2620 963 2660 terroe.
999 2612 1079 2660 In-

70 2694 252 2740 numeri
279 2710 421 2758 prope
447 2702 584 2751 sunt,
616 2696 698 2759 qui
716 2696 918 2759 profecto
946 2694 1107 2750 nullo*

68 2784 282 2838 poterant
300 2776 450 2840 gloriae
472 2775 662 2823 stimulo
694 2779 868 2825 moveri
889 2778 947 2826 ad
975 2777 1082 2826 talia

69 2857 360 2920 perferenda.
393 2857 535 2905 Cons.
572 2856 624 2906 P.
661 2856 881 2919 Ansaldi,
912 2858 1080 2909 Ordin-

70 2937 257 3001 praedic.
283 2941 333 2987 in
350 2956 486 3003 opere
507 2976 519 2997 ‚
539 2938 617 2986 De
632 2941 794 2995 causis
811 2941 989 3006 inopioe
1001 2958 1081 2990 ve-

70 3025 224 3065 terum
250 3027 667 3068 monumentorum
681 3038 774 3086 pro
792 3023 930 3087 copia
952 3039 1083 3070 mar-

70 3107 229 3163 tyrum
255 3100 576 3165 diqnoscenda
600 3103 828 3151 adversus
856 3103 1082 3153 Dodwel—

71 3180 203 3240 lum,
236 3182 424 3231 mediol.
463 3182 606 3251 1740.

143 3264 203 3325 (l)
242 3264 397 3329 Atque
418 3265 528 3313 hinc
547 3268 595 3314 in
627 3267 807 3316 irritum
834 3269 1080 3329 recidunt,

74 3363 175 3412 quae
205 3348 369 3394 citatus
393 3346 614 3396 Stendhal
640 3350 730 3398 loo.
772 3352 853 3399 cit.
890 3350 1080 3398 scribit:

74 3426 221 3476 thre
265 3427 531 3493 sympathia
583 3446 704 3478 nous
755 3431 911 3480 donne
950 3432 1085 3480 l’idee

72 3508 217 3558 d'une
245 3509 445 3558 douleur
461 3548 475 3571 ,
506 3513 592 3576 qui
623 3511 885 3562 reellement
911 3515 1083 3578 n'aja-

74 3592 199 3639 mais
226 3596 294 3640 ete
318 3594 487 3654 sentis,
507 3592 555 3642 la
578 3594 766 3660 plupart
779 3595 860 3644 des
877 3589 1085 3662 martyr-s

1157 2366 1337 2412 etaient
1354 2363 1469 2431 plus
1495 2382 1558 2413 ou
1577 2366 1734 2413 moins
1761 2365 1876 2413 dans
1905 2365 2033 2413 l’etat
2049 2365 2178 2414 ‹l’ex-

1157 2457 1271 2496 tase.
1303 2446 1383 2495 De
1409 2445 1535 2496 1820
1551 2449 1581 2496 ὰ
1603 2447 1821 2497 18238ἰω
1836 2455 1967 2496 cents
1979 2447 2177 2512 semmes

1157 2528 1225 2577 du
1239 2529 1460 2593 Benqale
1475 2546 1524 2578 se
1539 2538 1646 2577 sont
1667 2529 1851 2577 bralees
1865 2546 1952 2577 sur
1968 2529 2015 2578 la
2028 2529 2180 2577 tombs

1159 2611 1240 2658 des
1276 2613 1430 2658 maris
1471 2609 1664 2676 qu'elles
1699 2611 1988 2659 n'aimaient
2012 2612 2175 2676 point.

1166 2691 1221 2739 V
1218 2692 1314 2742 cilis
1361 2709 1432 2740 un
1474 2693 1692 2758 sacrifice
1731 2694 1970 2740 vraiment
2020 2693 2146 2739 senti
2160 2727 2178 2754 ‚

1159 2791 1257 2822 une
1284 2773 1486 2822 douleur
1514 2773 1782 2821 reellement
1809 2781 1985 2826 atroce.
2032 2771 2086 2820 Il
2113 2781 2182 2821 est

1160 2859 1271 2906 bien
1292 2856 1408 2922 plus
1434 2858 1536 2905 aise
1557 2856 1614 2904 de
1639 2856 1810 2905 braver
1844 2855 1893 2905 la
1913 2865 2036 2904 mort
2053 2873 2184 2922 pour

1158 2939 1228 2988 les
1242 2941 1435 2987 interets
1451 2939 1595 2986 d'une
1610 2937 1788 2986 theoria
1805 2938 2180 3005 metaphysique,

1159 3030 1387 3069 soutenue
1404 3038 1503 3085 par
1531 3020 1613 3068 des
1625 3036 1740 3086 qens
1758 3021 1954 3088 d’esprit
1975 3058 1991 3079 ,
2007 3023 2096 3086 qui
2123 3021 2182 3069 de

1161 3104 1287 3152 leurs
1311 3103 1527 3150 discours
1557 3106 1702 3151 tirent
1724 3103 1829 3151 leur
1843 3103 2175 3167 subsistance3

1160 3185 1223 3233 ils
1241 3185 1536 3250 persuadent
1561 3187 1791 3233 aisement
1805 3201 1906 3233 aua:
1921 3186 2052 3233 dmes
2060 3189 2181 3251 poe-

1163 3270 1316 3332 tiques
1340 3266 1527 3332 qu’elles
1567 3276 1681 3315 vont
1712 3270 1935 3332 aequerir
1962 3284 2031 3315 un
2065 3267 2182 3315 bon-

1162 3349 1285 3398 lceur
1315 3351 1496 3398 eternel
1528 3366 1595 3397 au
1630 3352 1750 3415 pria·
1791 3351 1938 3398 d'une
1981 3348 2185 3397 douleur

1164 3431 1221 3480 de
1249 3431 1469 3496 quelques
1493 3431 1722 3481 heures...
1742 3432 1781 3480 il
1804 3433 1972 3498 parcit
1999 3447 2089 3495 que
2108 3445 2183 3477 ces

1163 3521 1393 3562 moments
1411 3513 1468 3562 de
1475 3517 1680 3581 passion
1694 3513 1947 3581 prosonde,
1968 3511 2185 3560 d'insen-

1164 3594 1342 3645 sibime
1369 3605 1414 3644 et
1435 3595 1631 3647 d'extase
1664 3614 1713 3645 se
1750 3603 1858 3644 sont
1886 3602 2084 3643 souvent
2108 3610 2184 3641 rs-
