2554 4140
299 105 414 165 132

950 123 1019 158 ΒΕ
1062 121 1216 161 VERA
1260 121 1383 158 REL.
1434 120 1569 159 ADV.
1619 120 1773 159 INGR-

373 271 512 330 330.
565 268 631 325 5⁰
663 249 922 326 Ad.vitia
961 267 1158 325 omnia
1199 264 1589 326 convellenda
1626 265 1889 347 ipsorum
1918 268 2148 328 fontem
2177 280 2236 328 et
2261 269 2439 351 origi-

289 389 431 427 nem
458 363 683 445 detegit
703 408 719 432 ,
756 383 887 444 quae
921 363 1027 422 sita
1055 362 1227 422 estin
1263 362 1521 421 hominis
1553 361 1889 422 inordinato
1914 363 2208 446 suiipsius
2240 386 2440 425 amore

287 473 347 523 et
383 459 458 518 ad
487 480 579 518 res
616 457 919 518 sensibiles
963 459 1147 517 nimia
1181 458 1578 540 propensione
1600 503 1615 533 ·,
1658 479 1775 539 quo
1815 459 1882 517 fit
1925 471 1993 517 ut
2028 473 2088 518 et
2133 462 2336 521 ceteris
2379 482 2442 521 se

287 556 566 640 praeferat
608 556 893 636 quisque,
940 566 999 613 et
1042 577 1072 613 a
1110 553 1378 614 sensibus
1425 555 1542 612 suis
1584 575 1645 612 se
1691 554 1867 613 nimis
1912 554 2102 637 abripi
2153 557 2437 638 patiatur.

283 654 489 726 rQuare
516 650 591 710 ad
635 653 888 733 φιλαυτίαν
914 697 929 725 ,
963 661 1052 709 tot
1082 649 1376 710 malorum
1414 650 1827 729 scaturiginem
1850 696 1866 724 ,
1908 651 2147 732 penitus
2175 673 2445 734 compes-

290 749 543 809 cendam
570 793 585 822 ,
620 748 894 829 opposuit
930 746 1196 806 Christus
1232 745 1436 804 odium
1468 757 1939 828 perpetuamque
1987 745 2441 827 abnegationem

288 846 377 904 sui
404 856 466 905 et
503 844 686 904 crucis
725 860 1032 917 amorem;
1064 840 1138 900 ad
1165 841 1598 901 refraenandam
1629 865 1805 924 porro
1841 843 2005 902 illam
2046 844 2122 904 ad
2149 843 2444 904 sensibilia

286 940 746 1023 propensionem
764 983 781 1012 ‚
825 960 857 997 a
898 938 1152 997 terrenis
1181 948 1389 997 avocat
1412 936 1715 997 hominem
1736 984 1752 1015 ‚
1786 951 1964 1021 atque
1989 941 2194 999 incitat
2218 939 2293 1000 ad
2322 962 2444 1001 coe-

286 1036 453 1097 lestia
489 1034 776 1095 desideria
804 1033 895 1092 his
925 1032 1120 1095 verbis
1149 1031 1405 1111 (Matth.
1437 1033 1511 1090 Vl
1533 1078 1549 1106 7
1593 1034 1667 1092 19
1710 1045 1772 1095 et
1796 1038 2001 1118 seqq.)
2037 1059 2050 1094 :
2089 1037 2291 1097 Nolite
2315 1038 2440 1096 the-

288 1138 607 1193 saurizare
634 1133 794 1190 vohis
819 1131 1127 1188 thesauros
1145 1132 1212 1186 iu
1237 1138 1402 1186 terra
1421 1173 1436 1202 a
1465 1129 1580 1186 ubi
1602 1150 1807 1209 oeruyo
1823 1142 1878 1188 et
1897 1137 2064 1191 tinea
2078 1133 2437 1207 demolitur,

290 1240 344 1289 et
380 1230 495 1288 ubi
526 1230 702 1307 fures
745 1227 1039 1307 effodiunt
1081 1235 1136 1282 et
1163 1227 1499 1303 furantur.
1565 1224 1622 1284 T
1619 1225 1993 1284 hesaurizate
2029 1239 2234 1286 autem
2277 1230 2443 1288 vohis

286 1327 596 1385 thesauros
629 1328 700 1382 in
744 1324 914 1398 coelo,
957 1323 1071 1380 ubi
1098 1342 1288 1400 neque
1310 1341 1514 1400 oeruyo
1550 1319 1739 1400 neque
1775 1324 1941 1380 tinea
1979 1323 2306 1382 demolitur
2329 1367 2346 1400 ‚
2390 1334 2448 1383 et

284 1423 399 1481 ubi
427 1425 603 1500 fures
635 1441 755 1478 uon
791 1420 1085 1498 effodiunt
1125 1439 1232 1476 uec
1266 1421 1605 1496 furantur,-
1642 1418 1756 1476 uhi
1789 1422 1956 1476 enim
1983 1429 2070 1478 est
2113 1420 2442 1479 thesaurus

290 1530 465 1594 tuus,
504 1519 596 1576 ibi
623 1527 708 1576 est
734 1527 789 1574 et
816 1537 918 1574 cor
953 1526 1154 1573 tuum.

369 1613 507 1673 331.
553 1615 639 1672 Ne
675 1624 876 1671 tamen
924 1609 1364 1692 desponderent
1401 1610 1670 1669 animum
1707 1609 2033 1670 uberrimas
2080 1611 2426 1695 validasque

290 1710 503 1791 gratias
544 1709 847 1792 promisit,
889 1706 1101 1790 quibus
1133 1706 1403 1766 homines
1444 1705 1665 1785 adjuti,
1706 1705 1855 1764 nihil
1890 1718 1979 1766 est
2018 1718 2140 1766 tam
2187 1707 2440 1768 arduum

290 1818 468 1888 atque
519 1804 790 1879 difficile,
852 1826 969 1886 quo
1013 1802 1373 1863 contendere
1417 1824 1539 1862 non
1583 1804 1848 1886 possint3
1897 1805 2245 1864 sacrificium
2293 1805 2440 1865 item

282 1908 422 1984 juge
457 1913 637 1984 atque
663 1912 1022 1984 perpetuum
1050 1901 1345 1975 instituit,
1390 1911 1451 1960 et
1480 1912 1848 1960 sacramenta
1867 1947 1883 1976 ‚
1928 1900 2139 1983 quibus
2167 1900 2280 1983 ipsi
2304 1922 2442 1961 con-

290 1999 511 2057 firmati
549 1997 1007 2057 corroborentur
1040 2009 1216 2079 atque
1245 1996 1321 2056 ad
1349 1997 1736 2056 arctissimam
1771 2019 1905 2056 cum
1946 2001 2068 2057 Deo
2107 1999 2441 2059 communi-

292 2094 588 2152 cationem
638 2093 980 2168 eleventur,
1036 2094 1401 2152 sanctissimo
1453 2095 1782 2174 praesertim
1829 2094 2199 2154 Eucharistiae
2245 2116 2439 2155 sacra-

292 2199 497 2248 mento
520 2235 535 2263 .,
581 2189 646 2247 in
693 2210 810 2271 quo
847 2189 1232 2271 semetipsum
1266 2189 1329 2247 in
1376 2188 1574 2248 cibum
1612 2200 1671 2248 et
1708 2200 1917 2271 potum
1959 2189 2187 2272 praebet
2225 2191 2302 2250 ad
2343 2213 2439 2251 eos

290 2284 533 2345 alendos
567 2296 626 2344 et
659 2285 1013 2345 nutriendos
1040 2284 1115 2344 ad
1151 2295 1432 2345 aeternam
1472 2286 1676 2347 vitam.

291 2561 416 2628 ples.
443 2561 521 2609 La
546 2569 671 2610 mort
688 2561 746 2610 de
770 2561 965 2611 Socrate
979 2561 1326 2628 philosopham

293 2643 687 2710 tranquillement
727 2661 841 2693 avec
883 2662 957 2693 ses
1001 2647 1129 2694 amis
1172 2654 1241 2693 est
1275 2644 1324 2692 la

286 2726 405 2794 plus
440 2727 588 2776 douce
610 2728 754 2793 qu’on
773 2730 946 2794 puisse
977 2728 1191 2787 desirer;
1214 2728 1325 2778 celle

295 2810 353 2858 de
376 2812 519 2859 Iesus
538 2812 767 2877 expirant
795 2811 917 2860 dans
948 2810 1013 2860 les
1042 2819 1287 2860 tourmens
1307 2849 1322 2875 ,

295 2894 519 2958 injurie,
558 2893 730 2956 raille,
778 2894 971 2942 mandit
1007 2894 1065 2943 de
1115 2903 1215 2943 tout
1253 2911 1325 2942 tm

285 2975 464 3042 peuple
477 2984 545 3023 est
561 2975 608 3022 la
626 2975 744 3042 plus
770 2975 980 3024 horrible
996 2976 1140 3042 qu'ou
1155 2980 1325 3044 puisse

293 3056 549 3107 craindre.
577 3055 811 3117 Socrate,
845 3068 1064 3124 prenavit
1097 3059 1144 3108 la
1174 3077 1323 3126 coupe

294 3141 626 3205 empoisonnee
647 3178 660 3200 ‚
703 3139 836 3188 benit
866 3140 995 3189 celui
1040 3143 1127 3207 qui
1166 3142 1214 3190 la
1249 3142 1328 3191 lui

287 3225 509 3288 presente
538 3229 583 3269 et
609 3224 698 3287 qui
706 3221 876 3288 pleure
890 3244 909 3281 ;
928 3222 1073 3272 Jews
1099 3262 1112 3285 ‚
1146 3241 1214 3272 au
1231 3226 1323 3272 mi-

295 3303 398 3352 lieu
426 3301 551 3352 d’un
581 3303 798 3371 supplice
823 3306 1014 3372 affreux
1030 3344 1043 3368 ,
1065 3309 1179 3372 prie
1191 3324 1326 3373 pour

298 3403 372 3435 ses
402 3386 678 3435 bourreauoe
725 3386 983 3437 acharnes.
1022 3389 1161 3450 Oui,
1197 3391 1244 3437 si
1273 3389 1321 3439 la

296 3471 377 3518 vie
414 3479 458 3517 et
485 3468 533 3517 la
572 3478 697 3517 mort
735 3470 793 3518 de
835 3469 1031 3520 Socrate
1071 3481 1178 3520 sont
1203 3472 1323 3521 d’un

296 3568 407 3615 saqe
423 3590 437 3613 ‚
458 3551 505 3600 la
533 3554 609 3600 vie
643 3560 689 3599 et
715 3551 762 3599 la
789 3562 913 3601 mort
946 3553 1003 3600 de
1036 3553 1184 3603 Jesus
1215 3565 1325 3604 sont

297 3633 415 3681 d'un
440 3634 592 3684 Dieu.
631 3634 819 3684 Dirons
838 3653 962 3684 nous
988 3654 1077 3701 que
1093 3636 1322 3687 l’histoire

1410 2562 1468 2609 de
1509 2560 1765 2628 l’evanqile
1798 2572 1866 2611 est
1895 2564 2115 2612 inventes
2147 2564 2179 2612 ὰ
2205 2562 2428 2630 plaisir?

1412 2646 1538 2693 Mon
1574 2647 1679 2694 ami
1696 2681 1713 2707 ‚
1759 2663 1810 2694 ce
1840 2647 1957 2694 n’est
1980 2664 2077 2713 pas
2118 2649 2255 2696 ainsi
2292 2648 2437 2712 qu’on

1410 2731 1681 2778 invente...
1716 2729 1806 2777 Au
1838 2729 1981 2795 fond,
2022 2730 2130 2778 c’est
2167 2729 2353 2778 reculer
2387 2729 2437 2778 la

1398 2811 1638 2877 difficulte
1660 2829 1777 2860 sans
1791 2812 1838 2860 la
1858 2813 2094 2875 detruire5
2113 2812 2155 2861 il
2167 2814 2314 2861 serait
2320 2812 2439 2879 plus

1411 2894 1750 2943 inconcevable
1794 2913 1884 2960 que
1921 2951 1925 2955 Δ
1938 2895 2186 2961 plusieurs
2227 2894 2438 2943 hommes

1411 2977 1634 3025 d'accord
1651 2986 1842 3027 eussent
1856 2977 2083 3044 fabrique
2096 2996 2148 3027 ce
2175 2977 2302 3026 livre
2318 2976 2441 3044 qu’il

1410 3076 1471 3109 ne
1489 3060 1590 3108 l'est
1611 3059 1768 3127 qu'un
1803 3061 1906 3109 seul
1929 3079 1990 3109 en
2005 3065 2075 3110 ait
2091 3062 2267 3127 fburni
2289 3061 2330 3110 le
2348 3078 2435 3110 su·
2494 3081 2496 3084 ’

1397 3146 1492 3210 jet.
1517 3146 1711 3193 Jamais
1743 3144 1827 3192 des
1851 3154 2049 3193 auteurs
2048 3146 2182 3212 juifis
2199 3145 2439 3193 n'eussent

1410 3231 1574 3275 trouve
1600 3229 1659 3274 ni
1686 3243 1738 3275 ce
1767 3234 1880 3286 ton,
1907 3232 1966 3275 ni
2001 3237 2114 3276 cette
2144 3227 2322 3276 morale
2342 3244 2364 3288 ,·
2393 3235 2439 3275 et

1410 3308 1658 3374 l’evanqile
1691 3326 1722 3357 a
1769 3309 1851 3357 des
1888 3313 2150 3360 caracteres
2178 3311 2237 3360 de
2265 3311 2436 3360 verites

1407 3393 1455 3439 si
1473 3391 1676 3456 fiands,
1698 3393 1746 3439 si
1755 3391 2017 3459 stuppam,
2034 3394 2435 3461 siparfaitement

1407 3472 1733 3534 inimitables,
1764 3492 1854 3540 que
1883 3475 2173 3526 l'inventeur
2191 3493 2254 3524 en
2281 3476 2433 3523 serait

1397 3556 1514 3623 plus
1542 3561 1773 3606 etonnant
1805 3576 1895 3623 que
1923 3558 1964 3607 le
1995 3559 2148 3610 heros.
2177 3558 2197 3625 (
2223 3556 2278 3607 E
2281 3556 2394 3606 mile
2410 3594 2427 3620 ,

1407 3639 1493 3689 lib.
1527 3657 1592 3704 iv,
1620 3650 1733 3689 tom.
1762 3643 1871 3705 ιιι.)
