2554 4140
1089 219 1152 255 1²11
1161 219 1368 256 AEFA'rlo
1377 244 1388 255 .
2210 222 2289 259 vn

180 407 647 484 opportunam
719 401 960 457 nactus
1026 400 1128 450 est
1185 385 1622 454 occasionem
1694 387 1954 456 librum
2017 413 2286 457 summa

177 538 336 581 cum
381 509 739 603 diligentia
773 508 845 575 in
884 505 1113 573 lucem
1157 501 1553 573 emittendi.

270 744 714 830 Non-sponte
749 754 982 805 tamen
1014 790 1031 822 ,
1093 732 1215 803 sed
1266 745 1428 804 cum
1478 736 1791 828 repetitis
1826 740 2146 827 precibus
2186 743 2290 810 in-

176 876 435 935 starent
469 862 715 950 amici,
747 884 1036 928 manum
1077 857 1244 926 huic
1284 857 1683 950 evulgando
1721 861 1913 951 operi
1951 857 2291 950 admovit,

173 1000 297 1052 nec
336 1001 487 1053 tum
527 982 816 1079 quidem
840 1037 855 1069 ,
883 1008 1104 1078 quum
1129 984 1440 1075 ipsorum
1462 983 1640 1052 votis
1684 983 2113 1074 accessisset,
2144 1008 2293 1053 om-

174 1109 343 1176 nino
383 1108 760 1200 ancipitem
798 1103 887 1174 de
945 1131 1261 1176 successu
1315 1108 1630 1175 animum
1681 1104 2055 1199 deposuit,
2099 1105 2292 1201 quod

168 1255 309 1297 non
342 1231 568 1323 operis
615 1227 1043 1319 defectibus',
1082 1227 1203 1298 sed
1239 1232 1543 1298 auctoris
1579 1227 1943 1297 modestiae
1974 1228 2291 1298 tribuen-

171 1348 339 1420 dum
392 1377 533 1419 esse
572 1376 949 1420 censemus.
986 1351 1214 1420 Nemo
1254 1353 1440 1421 enim
1475 1353 1620 1420 sine
1662 1350 2131 1420 delectatione
2158 1376 2287 1421 vo-

171 1474 436 1542 lumina
476 1473 621 1543 haec
659 1474 957 1544 evolvet.
1004 1473 1305 1543 Dicendi
1330 1477 1510 1543 ratio
1546 1476 1888 1569 imprimis
1928 1458 2290 1568 perspicua

171 1615 239 1664 et
276 1597 602 1689 simplex,
656 1621 781 1664 nec
817 1614 1049 1664 tamen
1086 1595 1415 1687 humilis,
1451 1594 1627 1666 ordo
1662 1600 2134 1692 quaestionum
2178 1621 2292 1665 na-

173 1719 417 1787 turalis
437 1771 456 1808 ,
489 1718 939 1812 probationes
967 1721 1226 1788 mirum
1253 1722 1324 1788 in
1359 1719 1650 1789 modum
1676 1721 2057 1790 enucleatae
2080 1771 2105 1810 ,
2146 1717 2289 1788 dif-

174 1839 522 1911 ficultates
558 1840 1119 1910 adversariorum
1156 1843 1416 1937 absque
1461 1844 1877 1934 ambagibus
1920 1844 2290 1935 propositae

176 1988 252 2030 ac
302 1963 509 2056 plane
567 1960 956 2050 dissolutae,
1006 1966 1319 2055 egregius
1377 1966 1845 2060 quaestionum
1917 1964 2290 2055 delectuS‚

177 2086 410 2152 omnia
482 2083 782 2179 denique
853 2087 1254 2177 conspirant
1320 2083 1407 2153 ad
1466 2111 1638 2178 opus
1693 2089 1996 2156 auctoris
2064 2090 2290 2157 nostri

172 2205 495 2273 omnibus
551 2203 919 2297 theologiae
977 2205 1386 2299 dogmaticae
1442 2208 1773 2278 studiosis
1830 2210 2287 2308 vehementer

175 2324 834 2397 commendandum.

268 2557 619 2628 Hactenus
641 2559 727 2627 de
766 2563 993 2653 operis
1028 2559 1291 2632 indole.
1334 2561 1548 2654 Quod
1572 2561 1661 2631 ad
1698 2563 2084 2634 editionem
2104 2565 2284 2637 hanc

171 2680 675 2749 Lovaniensem
705 2685 984 2774 attinet,
1026 2709 1166 2752 non
1212 2684 1440 2754 solum
1475 2683 1861 2756 editionem
1886 2689 2280 2760 Romanam

172 2797 543 2892 diligenter
592 2804 1113 2897 exprimendam
1171 2809 1614 2899 curavimuS,
1665 2808 1783 2877 sed
1828 2829 2154 2903 praeterea
2210 2814 2284 2882 in

173 2924 413 2993 multis
452 2950 602 2994 eam
642 2926 1164 2999 emendavimus
1187 2981 1213 3021 ,
1263 2948 1459 3000 notas
1502 2932 1840 3026 plurimas
1880 2931 2283 3005 addidimus

171 3047 258 3115 ab
320 3068 603 3118 auctore
659 3051 864 3121 nobis
923 3055 1404 3147 transmissas3
1463 3056 1616 3125 loca
1676 3082 1755 3126 ex
1820 3059 2279 3151 scriptoribus

172 3169 352 3238 italis
415 3172 821 3268 desumpta,
881 3175 1094 3244 latine
1151 3203 1385 3268 versa,
1443 3176 1532 3247 ad
1588 3178 1845 3249 calcem
1901 3181 2279 3252 voluminis

173 3295 661 3387 apposuimus3
704 3314 929 3367 textus
968 3324 1222 3390 graecos
1263 3299 1452 3370 Novi
1505 3302 1972 3394 Testamenti,
2014 3307 2138 3400 qui
2190 3305 2280 3374 ad

169 3406 844 3490 argumentationem
895 3433 1037 3477 non
1072 3411 1431 3478 necessarii
1467 3412 1596 3479 visi
1631 3430 1834 3502 sunt,
1878 3414 2276 3506 rejecimus3

168 3539 392 3592 textus
432 3526 549 3594 SS.
586 3527 881 3599 Patrum
927 3557 1313 3623 graecorum
1341 3584 1360 3623 ,
1396 3534 1518 3602 ubi
1563 3535 1924 3605 brevitatis
1963 3561 2167 3605 causa
2189 3538 2273 3607 ab

170 3662 456 3718 auctore
494 3649 770 3722 fuerant
809 3655 1087 3746 omissi,
1113 3681 1195 3726 ex
1217 3658 1504 3750 optimis
1525 3655 1956 3730 editionibus
1993 3661 2272 3755 supple-
