2554 4140
265 137 385 198 332
895 161 965 198 mi
1004 159 1153 200 VERA
1195 161 1315 198 nm„
1364 160 1499 202 Anv.
1543 162 1751 200 nni-nn.

268 304 560 365 constanti
604 300 866 362 Ecclesiae
910 302 1210 363 catholicae
1264 325 1437 363 sensu
1460 350 1475 376 ,
1531 325 1739 364 verum
1784 315 1844 364 et
1887 325 1957 365 ex
2001 305 2124 387 ipsa
2167 311 2394 371 ratione

268 398 636 483 apertissime
669 410 900 458 constat
925 444 941 474 .‚
978 401 1061 458 ita
1084 411 1151 458 ut
1185 419 1360 459 caecus
1390 401 1462 459 sit
1495 410 1764 482 oporteat
1788 445 1804 475 a
1844 401 1942 482 qui
1965 400 2226 479 ejusdem
2250 406 2401 464 veri·

271 507 458 554 tatem
500 516 623 554 non
669 494 887 555 videat.
933 496 1069 555 Jam
1112 517 1286 570 vem,
1331 507 1398 555 ut
1439 507 1604 577 patet
1649 518 1718 555 ex
1760 496 1942 577 ipsius
1986 498 2401 579 propositionis

274 591 690 650 enunciatione
711 636 727 665 ,
769 591 842 651 de
876 592 946 651 iis
984 592 1079 652 hic
1125 604 1358 651 tantum
1387 594 1577 673 agitur
1602 639 1617 668 a
1659 593 1760 675 qui
1792 595 2178 673 culpabiliter
2210 594 2307 653 vel
2341 597 2408 652 in

268 687 478 747 haeresi
516 686 613 748 vel
653 688 965 748 schismate
992 699 1093 747 aut
1129 688 1540 749 incredulitate
1578 701 1935 764 versantur5
1959 711 2060 749 seu
2089 689 2164 749 de
2200 691 2267 748 iis
2308 691 2408 771 qui

215 792 223 798 ”
264 785 581 863 formales,
612 795 680 842 ut
710 785 913 859 aiunt,
950 786 1179 844 sectarii
1210 795 1372 857 sunt,
1418 786 1662 844 minime
1684 807 1824 845 vero
1849 784 1923 844 de
1945 787 2410 855 materialibuS,

272 892 339 940 ut
378 881 564 940 fertur
590 926 607 955 .,
655 901 755 939 seu
800 880 875 940 de
914 882 1016 955 iis,
1061 881 1162 962 qui
1202 879 1276 938 ab
1315 880 1566 940 infantia
1613 881 1908 942 erroribus
1952 903 2017 941 ac
2060 881 2410 964 praejudiciis

273 975 490 1036 imbuti
514 988 684 1053 sunt,
721 975 943 1057 quique
979 996 1089 1034 nec
1121 973 1398 1034 dubitant
1423 977 1664 1056 quidem
1698 999 1760 1037 se
1784 978 1848 1036 in
1871 977 2077 1037 haeresi
2102 977 2199 1037 vel
2225 977 2411 1037 schis-

275 1083 434 1133 mate
465 1074 712 1148 versari‚
757 1070 851 1131 vel
880 1072 929 1129 si
968 1071 1127 1152 quod
1164 1069 1413 1129 dubium
1439 1071 1502 1129 in
1534 1072 1798 1151 ipsorum
1822 1073 2121 1133 mentibus
2149 1074 2412 1154 exurgit,

277 1181 403 1229 toto
433 1168 607 1227 corde
644 1187 710 1225 ac
746 1167 976 1230 sincero
1004 1166 1204 1225 animo
1236 1167 1548 1226 veritatem
1586 1167 1931 1248 inquirunt3
1977 1168 2084 1228 hos
2132 1171 2294 1229 enim
2339 1169 2414 1227 ad

276 1265 383 1325 Dei
415 1263 700 1343 judicium
737 1262 1097 1321 remittimus
1125 1309 1140 1338 7
1185 1267 1348 1342 cujus
1392 1274 1481 1323 est
1526 1262 1791 1322 cordium
1834 1264 2214 1343 cogitationes
2250 1264 2416 1324 habi-

277 1370 491 1442 tusque
516 1360 897 1442 introspicere
928 1370 1105 1442 atque
1131 1360 1398 1418 scrutari.
1441 1359 1549 1418 Dei
1575 1359 1735 1418 enim
1761 1358 1995 1418 bonitas
2025 1369 2086 1418 et
2107 1359 2416 1420 clementia

279 1479 403 1516 non
429 1456 655 1538 patitur
682 1456 1023 1537 quempiam
1045 1455 1280 1515 aeternis
1311 1454 1660 1514 cruciatibus
1684 1454 1877 1514 addici
1899 1500 1914 1530 a
1946 1455 2047 1536 qui
2072 1454 2419 1516 voluntariae

280 1551 465 1634 culpae
499 1574 631 1612 reus
654 1574 775 1611 non
805 1552 901 1612 sit.
934 1552 1316 1612 Contrarium
1339 1551 1643 1631 affirmare·
1667 1563 1820 1612 esset
1849 1562 2054 1611 contra
2081 1572 2420 1633 expressam

283 1649 545 1709 Ecclesiae
571 1648 901 1708 doctrinam
930 1646 1040 1730 (l)

349 1856 424 1920 (l)
445 1855 550 1905 Huc
568 1858 692 1904 enim
709 1856 866 1904 referri
880 1865 1074 1921 possunt
1098 1858 1309 1921 proposi·

284 1942 434 1988 tiones
450 1942 499 1987 in
513 1939 625 2005 Bajo
640 1941 918 2004 proscriptae,
935 1955 1105 2004 nempe
1134 1954 1269 1987 txvm
1293 1955 1308 1986 ε

286 2021 563 2087 Infidelitas
580 2039 709 2088 pure
740 2024 969 2088 neyativa
1012 2023 1070 2069 in
1110 2020 1189 2069 liis
1210 2058 1224 2081 ‚
1258 2022 1314 2069 in

286 2107 462 2170 quibus
497 2105 724 2154 Christus
764 2122 864 2153 uon
896 2114 963 2153 est
980 2104 1311 2170 praedicatus,

278 2198 536 2254 peccatum
581 2197 680 2246 e⁸t;
716 2205 834 2236 txvn
888 2205 902 2236 ε
948 2187 1112 2236 Homo
1147 2196 1318 2253 peccat

290 2269 633 2318 damnabiliter
649 2273 794 2318 etiam
810 2272 866 2318 iu
897 2287 949 2318 eo
970 2308 982 2330 ‚
1001 2270 1128 2335 quod
1155 2287 1317 2318 ‘neces-

290 2355 423 2402 sario
448 2354 575 2417 facit
592 2391 605 2414 ,
637 2356 749 2402 item
765 2371 917 2414 xxxix,
939 2364 1050 2412 etc„
1073 2370 1178 2418 quae
1213 2354 1320 2402 licet

291 2439 476 2503 proprie
510 2439 602 2484 sint
642 2436 699 2484 de
750 2436 1020 2484 infidelibus
1057 2438 1275 2500 negativis
1299 2471 1315 2497 ‚

293 2522 410 2569 ratio
428 2530 588 2568 tamen
607 2519 769 2568 eadem
790 2529 857 2567 est
879 2519 1031 2584 quoad
1055 2517 1290 2567 haereticos
1305 2556 1317 2578 ‚

295 2607 377 2670 qui
401 2601 667 2652 invincibili
687 2605 945 2665 ignorantia
965 2601 1194 2650 laborant.
1228 2600 1321 2650 Sed

296 2688 514 2737 audiatur
525 2684 575 2733 S.
597 2683 902 2749 AuguStinus:
915 2683 1021 2751 Qui
1036 2685 1323 2732 senteutiam

296 2788 436 2820 suam
472 2807 486 2830 ‚
537 2771 647 2828 ait,
689 2769 910 2832 quamvis
949 2767 1130 2833 falsam
1183 2777 1324 2833 atque

288 2868 598 2920 perversam,
630 2849 767 2899 nulla
801 2853 1053 2916 pertinaci
1084 2852 1322 2899 animosi·

299 2944 392 2984 tate
425 2933 716 2999 defenduut,
739 2935 1013 2998 praesertim
1050 2950 1198 2998 quam
1225 2949 1325 2981 uon

300 3018 511 3066 audacia
556 3033 657 3064 suoe
682 3017 1088 3082 praesumptionis
1129 3034 1325 3083 pepere-

301 3108 417 3147 runt
435 3137 449 3159 ‚
478 3097 562 3146 sed
587 3114 618 3145 a
640 3097 846 3145 seductis
864 3099 919 3145 iu
940 3114 1146 3146 errorem
1178 3097 1327 3164 lapsis

295 3180 583 3249 parentibus
618 3189 905 3245 acceperuut
932 3219 944 3243 ‚
979 3190 1207 3245 quaerunt
1236 3198 1328 3230 au-

305 3274 398 3313 tem
413 3272 555 3312 cauta
569 3261 897 3311 sollicitudine
925 3267 1193 3323 veritatem,
1211 3281 1319 3313 cor-

306 3350 407 3414 riqi
415 3347 590 3413 parati
612 3383 625 3406 ‚
659 3362 768 3392 cum
799 3347 1079 3395 invenerint
1100 3384 1117 3406 ,
1145 3365 1329 3412 nequa-

307 3447 454 3497 quam
472 3437 587 3476 sunt
612 3431 742 3477 iuter
765 3414 1010 3479 luereticos
1025 3430 1292 3497 deputandi
1315 3448 1329 3495 3

310 3518 446 3582 epist.
480 3511 567 3577 43,
600 3518 710 3566 edit.
729 3520 869 3567 Maur
890 3519 1025 3566 .alias
1059 3514 1150 3565 162
1171 3534 1329 3580 3cons.

311 3610 529 3664 praeterea
559 3610 697 3650 tract.
730 3599 795 3665 45
817 3603 874 3647 iu
894 3602 1066 3657 Joasn„
1095 3602 1209 3647 etin
1243 3597 1330 3646 lib.

316 3681 394 3729 De
431 3684 638 3733 utilitate
683 3682 942 3744 credendi,
990 3699 1091 3747 cap.
1132 3697 1148 3727 ι
1174 3719 1185 3741 ,
1227 3681 1335 3729 edit.

1397 1855 1549 1904 Maur.
1594 1866 1711 1905 tom.-
1756 1873 1869 1920 vm3
1913 1856 1998 1906 lib.
2044 1855 2117 1904 De
2152 1856 2319 1905 hoeres.
2360 1856 2426 1904 ad

1406 1938 1817 2008 Quodvultdeum,
1835 1957 1936 2005 cap.
1962 1955 1979 1986 1
1993 1977 2006 2000 ‚
2025 1941 2143 1988 circa
2154 1939 2319 2001 finem,
2337 1947 2428 1988 etc.

1403 2022 1482 2071 Sic
1526 2024 1664 2071 ceteri
1714 2021 1895 2084 Patres,
1922 2039 2040 2089 quos
2067 2023 2204 2088 longo
2238 2023 2429 2088 agmine

1401 2109 1541 2156 citare
1562 2124 1743 2171 possem
1763 2144 1777 2168 ‚
1809 2108 1890 2171 qui
1911 2108 1962 2154 in
1999 2106 2161 2154 eadem
2201 2107 2432 2154 sententia

1403 2199 1531 2238 sunt.
1550 2187 1702 2254 Quare
1718 2190 1887 2237 merito
1904 2187 2093 2250 Suarez,
2114 2187 2191 2235 De
2202 2187 2319 2252 fide,
2338 2196 2428 2235 etc.

1404 2272 1525 2337 disp.
1545 2289 1619 2319 xix
1642 2308 1654 2330 ‚
1674 2281 1785 2321 sect.
1808 2270 1837 2318 3
1866 2309 1879 2331 ‚
1907 2270 1988 2319 ubi
2015 2273 2182 2337 quaerit
2209 2287 2222 2318 :
2251 2269 2432 2319 Utrum

1405 2355 1468 2401 sit
1499 2353 1556 2400 de
1592 2355 1780 2401 ratione
1810 2354 2005 2401 heere-sis
2030 2389 2042 2411 ‚
2078 2363 2129 2400 ut
2160 2350 2432 2400 voluntarie

1409 2443 1454 2485 et
1485 2452 1594 2483 cum
1621 2438 1904 2500 pertinacia
1934 2436 2304 2493 committatur?
2334 2450 2434 2481 res-

1409 2519 1582 2584 pondet
1613 2537 1666 2566 n.
1719 2535 1734 2565 1
1779 2534 1793 2565 :
1829 2515 1899 2563 In
1923 2518 2089 2582 primo
2126 2524 2312 2581 puncto
2343 2514 2435 2561 hu-

1396 2603 1485 2666 jus
1526 2599 1728 2650 articuli
1756 2598 2044 2665 qeneraliter
2073 2606 2262 2663 suvnpto
2296 2596 2434 2644 nulla

1408 2695 1476 2733 est
1498 2682 1785 2750 difficulta83
1818 2690 2002 2730 certum
2035 2689 2104 2728 est
2133 2683 2265 2728 enim
2287 2680 2342 2727 de
2358 2696 2437 2727 ra-

1409 2768 1537 2814 tione
1568 2766 1763 2814 haeresis
1792 2781 1890 2812 esse
1909 2802 1922 2821 ,
1953 2772 2007 2812 ut
2030 2762 2301 2811 voluntarie
2331 2763 2438 2825 fiat.

1410 2849 1495 2898 Ita
1519 2850 1690 2898 docent
1715 2864 1880 2898 omues
1907 2845 2109 2911 theoloqi
2124 2883 2137 2907 ,
2169 2844 2231 2894 D.
2263 2845 2437 2893 Thom.

1413 2951 1461 2983 2.
1505 2950 1556 2981 2.
1597 2951 1647 2998 q.
1689 2936 1839 2980 1'1.a.
1865 2947 1914 2979 2.
1950 2938 1996 2978 et
2038 2945 2082 2979 1.
2110 2946 2159 2994 p.
2187 2946 2234 2993 q.
2268 2927 2351 2975 32.
2393 2945 2455 2974 a..

1412 3015 1462 3081 4.
1503 3024 1548 3064 et
1578 3014 1758 3079 reliqui
1794 3011 2134 3074 scholastici...
2179 3019 2224 3058 ct
2266 3012 2443 3057 Patres

1413 3099 1635 3164 antiqui,
1660 3106 1771 3160 etc.;
1803 3106 1847 3144 et
1867 3113 2002 3143 num.
2031 3111 2064 3161 9
2095 3111 2108 3141 ε
2136 3093 2312 3141 Primo
2343 3098 2443 3139 sta-

1414 3181 1649 3240 tuendum
1668 3187 1737 3228 est
1755 3181 2054 3244 pertinaciam
2070 3193 2167 3225 esse
2182 3176 2238 3222 de
2259 3175 2444 3222 ratio-ne

1415 3266 1631 3314 lioeresis.
1641 3263 1673 3310 I
1672 3280 1706 3310 u
1718 3262 1805 3309 hoc
1813 3261 2140 3325 fundamento
2152 3258 2446 3306 conveniunt

1417 3366 1580 3396 omnes
1617 3346 1826 3394 doctores
1862 3343 2123 3408 alleqati...
2165 3349 2209 3388 et
2238 3339 2406 3386 merito
2434 3373 2447 3396 ‚

1416 3432 1534 3496 quia
1557 3444 1775 3494 expresse
1806 3428 1987 3492 injure
2018 3424 2253 3472 canonico
2287 3418 2442 3468 tradi-

1418 3524 1527 3568 tur,
1568 3523 1658 3560 etc.
1708 3510 1850 3558 ConS.
1888 3527 1941 3557 ex
1969 3505 2302 3556 recentioribus
2340 3501 2447 3548 Ber-

1421 3599 1515 3661 gier
1532 3634 1545 3655 ,
1590 3594 1814 3641 Diction.
1857 3602 1943 3639 art.
1976 3589 2177 3638 Here-sie
2196 3625 2209 3648 ‚
2233 3583 2407 3648 quise
2433 3620 2446 3640 ‚

1419 3676 1492 3744 §5
1510 3695 1524 3741 3
1545 3681 1659 3725 item
1685 3675 1815 3725 Dela
1835 3675 1998 3723 Forest
2018 3710 2032 3733 ‚
2069 3666 2295 3719 fllethode
2322 3665 2450 3713 d’in-
