2554 4140
761 185 885 223 casp.
934 183 998 221 11.
1047 183 1115 218 mi
1158 181 1375 220 necess,
1422 181 1549 221 miv.
2130 158 2200 217 17

98 331 438 390 naturalem
454 371 474 399 ,
504 327 624 387 sive
652 321 1181 383 manifestationem
1207 319 1312 377 Dei
1331 363 1348 392 a
1381 341 1511 399 quae
1536 318 1603 378 fit
1629 341 1734 401 per
1759 340 1933 402 opera
1957 331 2202 398 naturae‚

101 446 392 507 quamque
416 424 478 480 in
502 419 899 480 universalem
936 435 1038 472 seu
1071 432 1445 471 communem
1483 407 1755 473 dividunt
1781 425 1841 474 et
1859 419 2205 494 particula—

98 543 245 579 rem.
295 517 659 578 Universalis
674 530 862 590 porro
900 529 971 567 ex
1015 505 1355 565 eorumdem
1382 522 1557 564 sensu
1594 528 1664 565 ea
1701 521 1817 584 eet,
1860 505 2208 590 quoe'natu-

97 617 333 674 ralibus
381 614 584 674 animi
616 605 1019 685 facultatibus
1061 603 1319 678 aliisque
1362 604 1660 658 universae
1716 623 1923 663 rerum
1968 617 2205 669 naturae

92 710 405 790 prcesidiis
436 704 711 781 efficitur,
751 699 976 777 quihus
1005 697 1172 754 homo
1202 696 1288 753 ad
1306 696 1762 773 concipiendam
1794 700 2212 781 colendamque

100 824 308 863 rerum
337 802 694 858 divinar-um
711 797 992 851 notitiam
1014 791 1371 849 adducitur.
1401 791 1816 849 Particularia
1836 813 1966 850 vero
1979 798 2215 855 eadem-

103 920 214 978 que
253 893 512 953 mediata
558 890 647 969 (l)
687 909 756 947 ea
795 898 878 946 est
897 929 918 958 ,
964 907 1096 965 quoe
1138 888 1480 944 continetur
1524 887 1834 965 compleam
1874 908 2082 946 rerum
2129 912 2218 949 se-

104 984 372 1051 cundum
407 996 699 1044 naturam
751 986 1185 1051 evenientium,
1235 981 1456 1058 quihus
1490 981 1614 1039 Deo
1653 991 1892 1039 auctore
1935 985 2224 1042 nonnulli

103 1087 365 1144 homines
389 1101 525 1160 prce
553 1082 758 1138 ceteris
790 1080 1035 1136 eoecitati
1070 1086 1216 1134 sunt
1238 1075 1324 1133 ad
1357 1095 1507 1148 verae
1549 1076 1860 1154 reliqionis
1898 1081 2222 1158 principia

104 1176 496 1258 coquoscenda
511 1217 532 1246 ,
557 1195 738 1252 eaque
753 1174 1160 1252 popularium
1175 1170 1417 1249 quidem
1440 1170 1753 1228 desideriis
1780 1174 2221 1233 accommodata

106 1279 340 1353 insiyni
383 1292 526 1330 cum
559 1290 826 1328 successu
852 1269 992 1326 aliis
1023 1266 1322 1325 tradenda
1365 1264 1474 1346 (2).

191 1367 288 1425 48.
340 1368 669 1445 Antequam
695 1383 832 1423 vero
872 1360 946 1419 ad
972 1382 1099 1419 rem
1135 1359 1374 1441 propius
1405 1358 1727 1420 accedimus
1754 1406 1771 1438 ‚
1823 1364 2062 1441 majoris
2086 1386 2226 1447 per-

112 1461 432 1546 spicuitatis
471 1458 657 1539 gratia
710 1454 1268 1527 animadvertimuS‚
1330 1453 1624 1532 objectum
1674 1455 2045 1519 revelationis
2101 1481 2226 1520 esse

112 1579 279 1642 posse
303 1556 398 1617 vel
433 1555 707 1643 veritates
742 1551 962 1611 ordinis
994 1551 1253 1610 humana
1274 1551 1501 1611 ratione
1524 1554 1870 1635 superioris3
1903 1555 2227 1634 cujusmodi

113 1651 384 1733 mysteria
409 1670 531 1709 esse
566 1649 816 1708 diximus
839 1692 855 1721 a
899 1658 1022 1706 tum
1063 1668 1127 1704 ea
1147 1691 1162 1719 .,
1203 1665 1329 1726 quae
1352 1668 1385 1704 a
1407 1645 1590 1706 libera
1614 1649 1718 1706 Dei
1745 1649 2049 1710 voluntate
2075 1672 2228 1732 pen-

114 1748 258 1806 dent
290 1792 306 1818 ,
358 1765 603 1826 quaeque
652 1743 900 1823 seposita
949 1740 1305 1801 revelatione
1350 1740 1422 1798 ab
1466 1741 1705 1801 homine
1749 1745 2011 1822 cognosci
2062 1744 2227 1803 nulla

113 1844 338 1902 ratione
386 1849 659 1921 possent3
701 1837 797 1897 vel
836 1836 1108 1896 veritates
1131 1879 1147 1908 ‚
1187 1854 1312 1915 quae
1342 1836 1581 1893 rationis
1626 1836 1900 1897 humanae
1939 1839 2223 1898 limitibus

117 1937 526 2006 eontinenturg
567 1929 887 2009 eujusmodi
926 1940 1062 1988 sunt
1103 1950 1202 2002 ea,
1243 1949 1371 2009 quae
1412 1951 1523 2010 ope
1557 1932 2009 1992 ratiocinationis
2046 1933 2224 1994 homo
2268 1932 2271 1935 ’

121 2030 345 2111 assequi
372 2026 635 2087 absolute
671 2036 899 2106 potest,
941 2045 993 2082 e.
1029 2045 1084 2101 g.
1127 2025 1232 2081 Dei
1253 2024 1592 2099 existentia,
1624 2027 1955 2085 animorum
1981 2029 2228 2087 immor-

122 2125 313 2184 talitas
342 2169 358 2197 ,
396 2122 579 2181 officia
609 2118 817 2200 quibus
842 2118 1018 2176 homo
1042 2119 1162 2175 Deo
1180 2161 1196 2190 .,
1227 2115 1338 2175 sibi
1356 2162 1373 2192 .,
1400 2117 1772 2200 societatique
1805 2119 2187 2202 obstringitur
2208 2167 2225 2192 .,

122 2219 348 2298 aliaque
387 2213 736 2294 hujusmodi.

206 2312 304 2371 49.
356 2312 471 2391 Age
502 2331 675 2392 porro
708 2308 850 2368 dum
888 2307 1103 2369 divina:
1134 2305 1504 2369 revelationis
1540 2309 1944 2370 necessitatem
1975 2310 2230 2372 adstrui-

195 2520 259 2584 (l)
297 2519 531 2583 Hoepfner
558 2555 571 2578 ‚
615 2516 696 2565 De
730 2515 1009 2564 discrimine
1038 2533 1134 2563 me-
1220 2516 1274 2563 Id
1303 2518 1455 2580 ipsum
1482 2518 1618 2566 tradit
1646 2520 1765 2567 inter
1791 2528 1961 2568 eeteros
1990 2519 2232 2585 Baumgar·

130 2602 274 2650 diatoe
302 2609 346 2648 et
370 2600 661 2648 immediatoe
679 2597 773 2647 Dei
799 2599 1019 2663 efficacioe
1034 2613 1134 2644 rec·
1222 2609 1299 2647 ten
1328 2599 1514 2647 Crusius
1537 2597 1621 2648 Pr.
1653 2600 1710 2648 de
1736 2601 2015 2649 notionibus
2033 2601 2237 2650 mediati

128 2687 226 2732 tius
242 2682 562 2747 intelli'qendae
578 2719 590 2741 ‚
607 2681 735 2747 Lips.
763 2678 906 2740 1823,
927 2698 1032 2744 pag.
1054 2695 1081 2728 2
1094 2697 1134 2754 ¹?
1223 2690 1267 2728 et
1292 2681 1559 2729 immediati
1575 2683 1632 2729 in
1651 2681 1910 2747 disciplina
1936 2683 2190 2748 theoloqiea
2206 2717 2226 2746 ‚

132 2769 197 2814 sic
242 2784 339 2814 rem
393 2765 587 2829 explicat
648 2780 662 2811 ε
726 2762 831 2828 Qui
888 2763 1136 2811 mediatam
1224 2764 1381 2822 Jeme,
1422 2761 1545 2830 1827
1561 2782 1574 2823 3
1604 2763 1998 2824 F.Fischer‚zu·r
2017 2764 2232 2816 Einleit.

132 2845 225 2895 Dei
250 2846 508 2911 efficaciam
537 2853 734 2892 tuentur
754 2881 766 2904 ‚
805 2845 848 2891 ii
885 2853 1007 2891 recte
1035 2843 1140 2891 dis·-

135 2936 340 2976 cernunt
373 2929 499 2974 inter
537 2927 855 2989 coqnitionem
897 2927 1000 2990 ejus
1025 2926 1138 2973 sab-

124 3011 355 3074 J‘ectivam
403 3017 447 3055 et
491 3008 790 3069 objectivam.
843 3005 944 3054 Nec
991 3008 1144 3070 iqitur

139 3089 302 3137 Deum
315 3125 332 3150 ,
365 3091 410 3137 ei
429 3090 649 3155 objective
667 3096 934 3154 spectatur,
972 3090 1140 3136 imme-

143 3170 268 3218 diate
301 3173 358 3218 in
392 3171 628 3219 mundum
656 3188 792 3235 aqere
829 3176 1040 3234 aequm}
1062 3170 1145 3218 sed
1163 3225 1167 3233 ¹

135 3252 299 3316 potius
314 3268 422 3299 eum
439 3255 600 3300 ernnia
615 3290 629 3312 ‚
648 3269 939 3317 quaecunque
950 3251 1144 3300 tandem

139 3333 266 3396 fiant
288 3369 301 3389 ,
341 3333 609 3382 immediate
630 3335 856 3400 perficere
884 3334 1142 3399 affirmant.

146 3413 341 3477 Neqant
375 3430 482 3461 vero
511 3413 674 3462 Deum
694 3455 710 3476 ,
754 3418 799 3463 ei
832 3415 1088 3481 subjective
1116 3431 1147 3462 a

146 3495 283 3543 nobis
307 3504 544 3561 spectatur
556 3530 571 3559 ,
591 3497 864 3546 immediate
880 3505 1149 3562 operantem

148 3595 179 3626 a
213 3579 349 3627 nobie
393 3581 611 3643 coqnoeci
654 3597 737 3628 eeu
785 3581 956 3629 sentiri
989 3598 1148 3646 posse.

153 3659 302 3725 Quam
332 3661 524 3725 pulchra
547 3660 644 3709 haec
674 3672 778 3710 sunt
808 3674 852 3711 et
878 3667 1115 3730 perspicua
1140 3665 1151 3711 !

234 3741 302 3798 T.
348 3741 390 3798 I.

1227 2846 1281 2891 in
1297 2844 1375 2891 die
1399 2842 1665 2907 Doqmatik
1690 2844 1774 2891 der
1791 2843 1844 2892 E
1846 2861 1889 2909 φ.
1912 2843 2094 2894 Kirclte
2105 2883 2123 2909 ,
2147 2864 2229 2897 seu

1228 2924 1529 2973 Introductio
1571 2927 1626 2973 in
1671 2924 1839 2974 Theol.
1890 2925 2232 2991 Doqmaticam

1228 3006 1280 3055 E
1282 3007 1540 3072 vanqelicoe
1555 3006 1796 3068 Ecclesiae,
1815 3007 2061 3075 Tubingae,
2085 3007 2228 3072 1828,

1229 3106 1337 3157 pag.
1367 3087 1433 3137 88
1462 3101 1505 3139 et
1545 3107 1672 3156 seqq.

1295 3171 1370 3236 (2)
1397 3171 1474 3221 Sic
1501 3182 1648 3220 totum
1669 3182 1860 3238 systema
1880 3175 2070 3239 exponit
2087 3171 2231 3238 Weg-

1231 3254 1434 3302 scheider
1452 3291 1465 3313 ‚
1488 3271 1563 3318 op.
1584 3256 1665 3303 cit.
1685 3254 1858 3319 proleg.
1881 3272 1983 3320 cap.
2011 3271 2028 3303 1
2055 3290 2070 3318 ,
2098 3254 2125 3321 §
2151 3270 2233 3304 12.

1232 3335 1364 3383 Unde
1395 3336 1692 3400 intelligimus
1710 3372 1724 3396 ‚
1757 3353 1850 3402 quo
1885 3353 2143 3402 progressus
2174 3338 2234 3384 sit

1232 3419 1625 3481 protestantismus
1654 3419 1704 3465 in
1722 3416 1963 3466 Germania
1985 3455 1998 3478 ‚
2033 3426 2232 3483 quanto-

1234 3515 1325 3564 que
1342 3499 1493 3547 studio
1525 3499 1724 3549 elaboret
1747 3502 1796 3547 in
1813 3502 1939 3548 omni
1960 3501 2142 3565 penitus
2165 3497 2235 3546 di-

1235 3582 1343 3629 vina
1372 3580 1645 3631 revelatione
1672 3581 1729 3631 de
1763 3581 1915 3632 medio
1941 3578 2164 3630 tollenda.

1926 3743 1966 3801 2
