2554 4140
426 200 549 237 CAP.
595 200 674 241 IV.
724 200 792 236 ΒΕ
836 196 1014 235 BIIST·
1061 196 1176 234 mv.
1209 195 1280 232 AC
1305 191 1611 232 SUPRRRAT.
1662 190 1800 229 BEV.-

2066 167 2185 229 139

145 341 289 401 338.
337 343 512 423 Resp.
564 343 706 421 Neq.
738 350 930 399 antec.
963 337 1088 395 Imo
1124 333 1326 414 religio
1365 346 1426 394 et
1458 337 1696 395 societas
1734 333 1915 393 amice
1942 333 2098 393 inter
2121 355 2189 393 se

64 437 400 519 conspirant
419 461 435 510 ς
465 434 662 515 religio
680 434 838 494 enim
859 430 1170 491 christiana
1186 437 1276 487 est
1290 427 1715 488 validissimum
1728 427 2181 488 fundamentum

63 531 245 594 civilis'
286 531 610 604 societatis,
649 549 768 609 quo
797 524 1026 585 sublato
1061 522 1302 581 societas
1346 523 1759 602 pessumdetur
1802 545 2037 583 necesse
2073 534 2182 583 est.

65 627 432 708 Experientia
453 624 715 683 omnium
729 618 1074 680 saeculorum
1088 616 1303 677 evincit
1319 636 1623 697 nunquam
1641 617 1823 696 magis
1843 620 2185 678 societatem

65 724 296 786 civilem
324 722 614 794 floruisse,
659 739 837 800 quam
873 736 1008 775 cum
1043 725 1230 773 totam
1270 735 1438 772 suam
1474 713 1597 775 vim
1627 712 1829 794 religio
1860 713 2186 775 christiana

68 839 335 878 exercere
366 816 556 899 potuit
590 813 614 893 (
622 814 698 894 1).

150 912 290 972 339.
338 910 427 971 Ad
460 910 542 968 1m
559 953 577 982 ,
604 909 759 967 Dist.
794 908 934 982 Quae
959 905 1237 988 perfectio
1260 916 1460 964 tamen
1483 904 1610 986 pari
1642 902 1825 983 gradu
1856 902 2131 962 omnibus
2155 926 2191 964 a

68 1005 343 1087 religione
374 1027 497 1063 non
529 1001 955 1086 praescribitur„
987 1022 1174 1068 conc.‚·
1200 999 1409 1060 eodem
1438 999 1622 1079 gradu
1642 1044 1658 1073 .‚
1699 1019 1831 1079 neq*
1866 998 2190 1058 Confundit

66 1100 160 1159 hic
193 1111 393 1160 auctor
428 1099 546 1159 duo
576 1121 706 1181 quae
731 1095 1147 1158 confundenda
1179 1118 1304 1156 non
1334 1107 1507 1170 sunt,
1545 1095 1971 1178 perfectionem
1996 1115 2192 1155 essen-

69 1387 189 1446 tion‚
205 1386 263 1451 je
276 1383 512 1432 demande
527 1421 541 1444 ‚
572 1391 620 1433 1⁰
646 1384 694 1431 si
715 1382 823 1432 elles
839 1380 1093 1432 s’ecartent

73 1483 133 1514 en
159 1481 326 1515 aucun
342 1467 486 1532 point
506 1465 563 1514 de
589 1464 638 1513 la
661 1464 789 1530 liqne
811 1467 1092 1529 riqoureuse

76 1548 134 1596 de
158 1547 541 1612 l’enseiqnement
580 1546 794 1594 chretien
810 1566 834 1608 ,·
882 1555 933 1595 2⁰
970 1548 1018 1594 ai
1042 1563 1094 1596 ce

75 1630 195 1677 n'est
206 1646 301 1696 pas
319 1630 458 1676 ainsi
477 1626 592 1693 qu'd
621 1645 707 1677 son
725 1629 867 1676 debut
882 1628 924 1677 le
941 1629 1095 1692 chris-f

74 1712 302 1759 tianisme
326 1727 357 1758 a
383 1713 484 1776 aqi,
507 1719 553 1758 et
574 1712 621 1758 si
649 1728 700 1759 ce
724 1711 945 1777 n'estpas
961 1713 1098 1759 ainsi
1116 1714 1124 1719 “

79 1792 199 1858 qu’il
211 1810 334 1841 nous
350 1797 695 1859 estrepresente'
707 1802 812 1841 tous
842 1793 1054 1861 lesjours
1077 1814 1096 1852 ;

82 1876 137 1924 3⁰
171 1876 219 1922 si
260 1874 302 1923 le
348 1877 597 1923 ministare
637 1875 992 1941 ecclesia-setique
1036 1893 1100 1924 ne

76 1956 310 2020 renferme
323 1974 419 2022 pas
436 1964 585 2005 toutes
599 1957 664 2005 les
682 1959 992 2007 attributione
1009 1975 1099 2023 que

66 2041 124 2105 je
149 2041 286 2086 viens
320 2039 377 2086 de
396 2048 644 2102 montrer5
678 2039 735 2104 4⁰
771 2042 823 2087 si
867 2038 975 2087 l'un
1019 2040 1100 2088 des

74 2123 312 2186 premiere
362 2122 551 2186 doqmes
588 2123 656 2170 du
693 2120 1095 2183 Christianism,

73 2202 312 2269 puisqu'il
335 2213 402 2251 est
430 2205 602 2270 rempli
622 2204 680 2253 de
696 2206 922 2269 mysteres
939 2241 954 2265 ‚
978 2203 1103 2252 n'est

76 2301 171 2352 pas
187 2285 509 2350 l'abneqation
525 2286 645 2335 dela
664 2289 831 2335 raison
849 2287 1102 2353 auxpieds

81 2367 138 2415 de
168 2366 215 2416 la
233 2368 338 2433 foi;
372 2365 426 2417 50
446 2371 494 2416 si
519 2369 562 2417 le
579 2372 742 2436 preire
782 2369 909 2418 n'est
937 2387 1033 2436 pas
1057 2369 1101 2418 le

67 2452 192 2515 juqe
214 2449 271 2498 de
287 2459 402 2499 cette
422 2451 514 2516 foi.
541 2452 608 2500 Ex
636 2454 693 2501 iis
715 2490 728 2514 ,
760 2471 860 2519 quae
890 2454 1103 2502 dicentur

82 2535 132 2581 in
145 2534 374 2582 solutione
387 2534 731 2600 difficultatum,
753 2536 920 2602 patebit
935 2538 1101 2602 partim

83 2617 287 2665 inexacta
302 2627 349 2666 et
361 2628 614 2683 exagerata,
634 2621 802 2683 partim
835 2619 951 2667 falsa
968 2637 1065 2667 esse
1087 2656 1100 2679 ,

87 2716 188 2765 quae
211 2699 335 2748 velut
369 2700 565 2748 totidem
594 2702 823 2748 axiomata
860 2701 1104 2766 praetendit

87 2790 245 2830 auctor
274 2781 362 2830 sibi
397 2782 623 2842 concedi,
659 2783 845 2831 atinde
886 2786 1104 2848 pessimas

91 2862 258 2912 inferat
290 2866 636 2913 consecutiones
662 2901 676 2924 ‚
713 2867 842 2930 quasi
880 2865 978 2913 fieri
1012 2884 1105 2914 un·

96 2961 234 3008 quam
261 2955 447 3010 posset,
495 2955 547 2994 ut
572 2946 730 3011 religio
767 2947 988 2995 divinitus
1031 2964 1106 2996 re-

94 3025 238 3075 velata
270 3031 413 3092 possit
441 3045 539 3076 esse
565 3031 787 3077 contraria
816 3029 1004 3094 publico
1038 3046 1094 3078 ac

96 3108 282 3173 politico
314 3111 540 3158 societatis
581 3109 712 3159 bono
731 3149 745 3170 ‚
784 3112 853 3160 vel
878 3111 1105 3160 adversari

98 3190 342 3254 temporali
390 3190 753 3259 uniuscujusque
787 3195 951 3259 privati
994 3192 1103 3243 feli-

97 3274 244 3320 citati.

168 3354 239 3416 (l)
274 3353 489 3419 Apposite
533 3355 612 3406 Cl.
651 3358 709 3405 de
757 3356 1108 3406 Saint-Victor

98 3437 148 3483 in
189 3454 270 3484 suo
326 3435 542 3486 Tableau
589 3437 849 3504 historique
894 3447 939 3486 et
971 3440 1111 3504 pitto·

99 3535 263 3583 resque
289 3519 345 3567 de
375 3519 525 3567 Paris
547 3556 561 3580 ,
596 3519 722 3569 Paris
740 3559 754 3583 ‚
805 3519 930 3570 1822
951 3555 968 3582 ,
1003 3528 1115 3570 scri-

101 3601 171 3650 hit
203 3619 216 3650 τ
245 3601 373 3651 Sans
404 3602 450 3651 la
465 3603 664 3668 reliqion
685 3614 786 3654 tout
795 3608 1006 3672 pouvoir
1023 3624 1114 3673 po·

105 3682 269 3748 litique
295 3701 357 3732 ne
384 3687 533 3734 serait
565 3685 738 3751 qu’une
762 3687 894 3752 force
921 3687 1115 3753 aveuqle

1178 1390 1225 1431 et
1251 1381 1508 1432 materielle
1526 1420 1541 1444 ,
1574 1385 1786 1450 puisque
1802 1420 1818 1446 ,
1865 1388 2033 1451 separo
2056 1385 2115 1435 de
2147 1384 2200 1434 lo·

1172 1467 1341 1514 raison
1378 1465 1544 1515 divine
1562 1503 1578 1526 ,
1605 1465 1649 1515 il
1677 1468 1825 1515 serait
1852 1467 2100 1534 depourvu
2137 1468 2203 1516 de

1173 1556 1299 1596 toute
1322 1550 1626 1612 conscience,
1652 1557 1697 1596 et
1719 1565 1820 1615 par
1842 1553 2128 1615 consequent
2142 1549 2200 1598 de

1174 1639 1299 1678 toute
1302 1632 1501 1696 justice.
1526 1629 1609 1678 On
1626 1639 1746 1696 peut
1768 1633 1919 1680 meme
1950 1632 2057 1681 dire
2078 1649 2198 1698 que,

1176 1711 1299 1759 dans
1319 1721 1389 1760 cet
1403 1717 1501 1760 etat
1525 1712 1723 1778 complet
1734 1713 1792 1761 de
1806 1712 2013 1763 violence
2030 1723 2075 1762 et
2090 1713 2198 1762 d'a·

1179 1794 1543 1856 brutissement,
1575 1794 1616 1842 il
1643 1793 1718 1842 lui
1741 1798 1889 1846 serait
1924 1795 2203 1863 impossible

1178 1875 1416 1924 d’eoeercer
1458 1875 1506 1924 la
1539 1877 1759 1925 moindre
1794 1879 1956 1926 action
1998 1895 2084 1926 sur
2115 1878 2202 1926 des

1179 1958 1500 2023 intelliqences
1522 1996 1536 2020 ‚
1560 1966 1606 2006 et
1625 1958 1682 2006 de
1706 1976 1955 2008 conserver
1977 1959 2208 2026 quelques

1180 2049 1408 2088 ‚nements
1451 2040 1731 2088 d'existence
1742 2059 1762 2102 ,·
1797 2041 1907 2090 d'oio
1950 2041 1989 2089 il
2034 2041 2206 2089 resulto

1180 2139 1270 2186 que
1287 2122 1403 2188 plus
1437 2121 1484 2170 la
1523 2122 1590 2171 loi
1612 2121 1779 2171 divine
1803 2124 1835 2171 ὰ
1862 2122 2059 2188 laquelle
2079 2122 2120 2170 il
2136 2132 2206 2170 est

1181 2213 1298 2252 tenu
1335 2202 1542 2262 d’obeir,
1578 2212 1622 2252 et
1649 2206 1738 2269 qui
1759 2205 1862 2270 fait
1885 2221 1941 2252 sa
1971 2203 2206 2253 veritable

1175 2286 1307 2350 fhrce
1332 2324 1345 2346 ‚
1379 2295 1449 2335 est
1473 2292 1701 2353 respectee
1715 2323 1733 2349 ,
1760 2286 1876 2353 plus
1903 2285 1944 2334 il
1969 2304 2001 2335 a
2024 2286 2083 2334 de
2106 2288 2204 2334 rai·

1183 2386 1299 2430 son,
1326 2370 1383 2418 de
1408 2372 1684 2419 conscience
1712 2379 1757 2417 et
1778 2370 1990 2435 d’equite
2013 2405 2046 2419 ..
2075 2368 2208 2417 C'est

1185 2453 1307 2501 dans·
1351 2452 1399 2500 la
1428 2452 1635 2518 reliqion
1666 2453 1941 2501 chretienne
1968 2469 2060 2518 que
2097 2461 2212 2501 cette

1185 2533 1252 2583 loi
1277 2551 1309 2583 a
1334 2552 1448 2600 recu
1475 2553 1564 2584 eon
1586 2536 1783 2584 dernier
1807 2534 2217 2600 developpement;

1191 2618 1300 2665 c'est
1324 2616 1447 2666 donc
1472 2618 1596 2666 dans
1611 2618 1676 2666 les
1700 2619 1898 2666 societas
1911 2616 2212 2665 chrotiennes

1185 2715 1275 2763 que
1314 2698 1615 2765 l’opposition
1646 2698 1825 2748 morale
1855 2715 1886 2746 a
1924 2698 1966 2746 le
2002 2697 2119 2764 plus
2152 2697 2214 2745 de

1180 2781 1326 2845 force.
1360 2780 1489 2829 C’eet
1530 2781 1654 2829 dans
1688 2789 1805 2829 cette
1837 2782 2008 2828 societ&
2051 2796 2141 2844 que
2170 2777 2213 2826 le

1185 2865 1396 2929 pcuvoir
1420 2862 1653 2929 politique
1669 2897 1685 2924 ‚
1721 2865 1904 2911 soumis
1947 2864 1979 2911 ὰ
2003 2861 2084 2910 des
2098 2866 2214 2928 pre-

1190 2954 1343 3011 ceptes
1369 2948 1456 3010 qui
1489 2963 1550 2994 ne
1570 2945 1808 3011 l'obliqent
1817 2962 1914 3012 pas
1943 2945 2100 2993 moine
2124 2961 2215 3009 que

1191 3027 1232 3074 le
1256 3027 1447 3076 dernier
1471 3028 1529 3076 de
1565 3044 1687 3077 ceum
1713 3030 1802 3094 qui
1834 3027 1907 3075 lui
1936 3027 2173 3076 obiissent
2194 3060 2213 3087 ,

1193 3119 1261 3159 est
1274 3113 1534 3170 contraint‚
1551 3113 1778 3177 quelques
1788 3112 1946 3178 efforts
1960 3109 2078 3174 qu’il
2086 3110 2218 3174 fasse

1191 3210 1323 3260 pour
1354 3210 1416 3241 en
1449 3196 1620 3256 sortir‚
1664 3194 1723 3242 de
1761 3201 1949 3241 rentrer
1971 3194 2002 3240 ὰ
2032 3191 2217 3256 chaque

1194 3279 1384 3325 instant
1415 3275 1539 3324 dans
1574 3275 1639 3324 les
1679 3275 1857 3324 lime-'tes
1891 3274 1948 3322 de
1976 3273 2149 3321 l’ordre
2176 3280 2220 3320 et

1193 3359 1250 3406 de
1270 3358 1318 3406 la
1325 3360 1509 3424 justice
1528 3397 1542 3420 ‚
1589 3359 1648 3407 de
1667 3360 1919 3423 pratiquer
1958 3356 2026 3404 les
2055 3362 2218 3403 ver-tus
2280 3384 2282 3386 -

1194 3443 1281 3506 qui
1324 3458 1385 3489 en
1421 3441 1638 3490 derivent
1658 3479 1671 3502 ,
1699 3442 1832 3505 enfin
1854 3440 1910 3488 de
1932 3456 1982 3486 se
2010 3444 2222 3484 montrer

1200 3522 1471 3588 intelliqent
1493 3541 1622 3590 pom*
1645 3522 1952 3573 commender
1985 3521 2016 3568 ὰ
2041 3518 2122 3567 des
2139 3519 2221 3566 in·

1197 3603 1485 3669 telliqencea.
