2554 4140
255 125 372 185 366
883 151 951 186 nn
998 150 1150 189 VERA
1194 149 1314 188 nm.
1368 151 1501 194 ADV.
1551 157 1757 195 aaran.

252 304 384 352 tum
421 310 700 374 quaenam
742 304 893 353 esset
921 293 1222 355 haereseon
1258 297 1414 376 origo
1436 344 1452 372 ,
1495 309 1623 376 tum
1666 303 1850 377 ratio,
1895 325 2009 385 qua
2046 305 2291 368 Ecclesia
2327 332 2387 369 se

221 404 223 406 ·
252 409 450 470 gerere
477 386 718 448 deberet
746 409 882 448 cum
922 389 1206 450 haereticis
1239 413 1340 452 seu
1370 395 1835 474 protestantibus
1866 398 2138 473 orituris;
2180 413 2247 459 ut
2282 401 2387 462 hos

251 505 466 566 nempe
490 484 811 566 expelleret
827 507 858 544 e
875 488 1005 546 sinu
1024 509 1149 562 su0,
1175 499 1231 547 et
1252 488 1450 549 fideles
1474 494 1859 572 praemuniret
1882 495 2161 555 adversus
2183 519 2390 557 eorum

250 592 494 641 conatus
529 602 592 639 ac
631 580 904 641 subdolas
944 595 1323 666 versutasque
1367 600 1553 660 artes3
1599 600 1723 648 tum
1767 589 2007 651 demum
2046 594 2186 675 ipsis
2212 638 2229 670 ,
2279 595 2389 653 nisi

249 678 642 760 resipuerint,
677 681 1021 762 sempiterni
1053 681 1216 741 exitii
1247 684 1660 744 certitudinem
1696 685 2116 761 denunciaret,
2156 689 2388 749 nullum
2447 700 2450 704 ’

248 775 513 835 indicens
546 775 863 836 discrimen
892 778 1046 837 inter
1077 778 1325 836 haereses
1369 792 1428 838 et
1465 780 1742 858 haereseS,
1785 783 2084 843 haereticos
2123 795 2181 843 et
2216 785 2393 846 haere-

249 873 414 932 ticos.
470 872 982 955 Quandocumque
1025 874 1185 932 enim
1242 874 1371 954 quis
1423 893 1553 935 reus
1597 891 1686 936 est
1732 882 2232 960 protestantismi,
2290 903 2393 942 seu

248 971 688 1053 protestationis
729 969 1009 1031 adversus
1050 969 1397 1043 Ecclesiam,
1442 993 1622 1052 quam
1673 975 1936 1035 Christus
1980 978 2235 1036 instituit
2287 977 2394 1038 de-

247 1059 588 1147 positariam
626 1075 977 1147 perpetuam
1017 1063 1395 1150 revelationis
1418 1110 1432 1139 .,
1483 1068 1824 1148 magistram
1866 1083 1931 1154 et.
1962 1072 2350 1155 interpretem
2374 1121 2389 1149 ,

247 1180 386 1236 seu,
425 1171 492 1220 ut
532 1161 794 1241 loquitur
838 1159 1050 1219 Paulus
1078 1206 1094 1235 ,
1144 1162 1496 1220 columnam
1531 1173 1586 1220 et
1612 1164 2081 1241 firmamentum
2124 1175 2394 1230 veritatis

244 1260 310 1340 (Ι
339 1259 490 1316 Tim.
522 1255 598 1337 5)
619 1302 634 1331 ,
666 1257 985 1316 certissime
1020 1256 1308 1335 ejusmodi
1344 1279 1587 1339 poenam
1615 1261 1896 1319 incurret.

330 1353 470 1413 336.
522 1356 652 1413 Non
695 1355 971 1434 exiguum
1027 1364 1231 1414 tamen
1272 1355 1748 1415 emolumentum
1795 1358 1990 1440 cepit,
2051 1370 2153 1418 aut
2199 1363 2392 1443 capit,

250 1451 496 1512 Ecclesia
538 1449 822 1511 catholica
855 1471 925 1510 ex
965 1452 1250 1530 ejusmodi
1294 1473 1529 1535 semper
1570 1452 1679 1511 sibi
1720 1454 2166 1514 succedentibus
2204 1456 2392 1516 haere-

245 1546 407 1608 sibus
436 1559 495 1607 et
519 1549 688 1607 sectis
714 1596 726 1617 ,
759 1549 1139 1630 ipsarumque
1164 1561 1449 1631 perpetua
1478 1547 1805 1610 mobilitate
1824 1596 1839 1624 ,
1869 1563 2001 1609 ortu
2031 1562 2091 1611 et
2113 1553 2379 1611 interitu.

247 1648 329 1705 Ac
348 1646 411 1704 1ο
428 1643 669 1727 quidem
686 1666 758 1704 ex
779 1646 1076 1703 occasione
1093 1646 1327 1704 exorien
1338 1647 1485 1704 tium
1504 1667 1771 1704 errorum
1790 1646 2123 1725 diligentius
2148 1649 2398 1730 inquirit

246 1743 310 1801 in
335 1740 514 1820 fidem
536 1762 701 1799 suam
722 1787 737 1816 ,
780 1740 1067 1823 explicate
1094 1753 1152 1800 et
1176 1741 1529 1801 luculentius
1557 1743 1778 1803 evolvit
1803 1765 2002 1805 veram
2030 1743 2359 1805 doctrinam
2377 1792 2392 1819 ,

246 1850 315 1897 ut
350 1838 489 1898 inde
532 1838 715 1918 magis
763 1849 1047 1921 appareat
1089 1838 1469 1920 pulchritudo
1511 1840 1690 1898 totius
1729 1840 1996 1900 catholici
2029 1844 2393 1922 systematiS,
2475 1845 2477 1848 ’

247 1947 307 1995 et
338 1955 524 1994 nexus
553 1934 799 1993 intimus
836 1935 1101 1994 omnium
1142 1937 1494 2011 veritatum,
1533 1941 1677 2018 quas
1707 1939 2053 2019 profitetur,
2104 1950 2169 1997 ut
2207 1939 2397 2022 reipsa

246 2053 485 2115 semper
529 2031 754 2090 factum
791 2042 915 2106 est,
959 2033 1188 2114 quoties
1228 2033 1482 2114 quilibet
1520 2035 1770 2093 novator
1795 2034 2053 2116 aliquam
2087 2036 2397 2095 veritatem

247 2129 643 2211 impugnavit.
689 2130 760 2187 20
798 2128 879 2188 Ut
917 2150 986 2187 ex
1019 2140 1309 2211 perpetuo
1341 2129 1649 2204 conflicta,
1697 2152 1875 2212 quem
1913 2132 2200 2191 sustinere
2224 2131 2401 2191 debet

248 2247 319 2286 ex
341 2209 508 2307 parte
525 2225 934 2292 haereticorum
949 2270 965 2301 ,
987 2225 1188 2305 vigilet
1208 2247 1443 2307 semper
1463 2271 1478 2301 ,
1506 2227 1946 2309 firmioremque
1966 2227 2402 2310 quodammodo

246 2323 660 2382 auctoritatem
698 2323 1088 2381 nanciscatur.
1141 2323 1376 2381 Etenim
1413 2335 1591 2405 prout
1617 2324 1761 2400 justi
1799 2346 1870 2384 ex
1901 2324 2402 2384 maloruminsec-

248 2420 473 2478 tatione
491 2417 821 2500 probantur
841 2461 864 2489 ,
886 2439 950 2476 ac
976 2411 1157 2496 magis
1181 2439 1386 2477 eorum
1415 2419 1602 2477 virtus
1636 2420 1787 2478 nitet
1811 2465 1825 2494 ,
1857 2421 1935 2478 sic
1964 2420 2206 2479 Ecclesia
2225 2466 2239 2493 ,
2272 2443 2402 2502 quae

250 2525 372 2590 est,
416 2527 484 2573 ut
518 2534 675 2594 saepe
708 2513 998 2588 diximuS,
1039 2513 1275 2573 moralis
1320 2536 1604 2596 persona,
1651 2536 1722 2574 ex
1761 2527 2053 2573 sectarum
2098 2516 2401 2574 machina-

250 2611 512 2679 tionibus
530 2659 544 2686 ,
591 2611 761 2670 malis
786 2610 1007 2670 artibus
1034 2657 1048 2685 ,
1088 2611 1398 2670 calumniis
1423 2657 1438 2685 .,
1471 2613 1594 2670 imo
1622 2632 1772 2693 saepe
1802 2612 1953 2670 ferro
1987 2624 2045 2671 et
2073 2614 2207 2693 igne
2226 2658 2242 2687 ,
2274 2612 2403 2694 pul·

250 2710 445 2770 chrior
493 2731 728 2791 semper
783 2731 847 2767 ac
897 2709 1186 2767 nitentior
1237 2708 1531 2789 splendet.
1581 2708 1646 2767 3⁰
1696 2709 1778 2768 Ut
1830 2708 2104 2768 omnibus
2156 2709 2402 2790 planum

246 2818 743 2888 compertumque
803 2806 879 2863 sit
901 2851 915 2879 ,
980 2804 1245 2864 Ecclesiae
1308 2804 1692 2864 stabilitatem
1752 2827 1821 2864 ac.
1854 2807 2217 2865 'firmitatem
2274 2828 2402 2865 non

247 2901 488 2963 aliunde
524 2924 703 2984 quam
750 2924 782 2961 a
827 2905 948 2961 Deo
996 2901 1124 2982 ipso
1170 2906 1412 2983 ejusque
1455 2902 1755 2983 promissis
1801 2924 1926 2961 esse
1970 2903 2354 2984 repetendam
2382 2948 2398 2976 .,

251 2999 396 3058 dum
436 3018 611 3081 opera
653 2999 967 3057 hominum
1003 2998 1285 3057 continuo
1325 2997 1603 3056 diffluunt
1651 3018 1715 3057 ac
1754 2997 2176 3058 dissolvuntur.
2220 2999 2285 3057 4⁰
2329 3000 2404 3057 Ut

246 3108 323 3155 ex
357 3095 662 3155 sterilitate
701 3094 1117 3155 haereticorum
1155 3116 1360 3153 omnes
1399 3093 1628 3153 discant
1664 3080 1866 3174 jugem
1903 3095 2163 3155 Ecclesiae
2197 3095 2402 3155 catho-

252 3192 373 3253 licae
397 3194 844 3253 foecunditatem
866 3196 986 3252 Deo
1007 3192 1112 3251 soli
1138 3204 1441 3274 acceptam
1467 3215 1589 3251 esse
1615 3192 1987 3253 referendam
2010 3240 2025 3268 .,
2052 3216 2172 3252 non
2203 3205 2402 3252 autem

250 3290 528 3348 humanae
561 3290 740 3349 cuivis
789 3288 1097 3349 industriae
1143 3288 1237 3348 vel
1273 3288 1587 3347 hominum
1627 3287 1974 3362 conatibus,
2025 3290 2157 3371 quia
2195 3312 2207 3347 :
2255 3288 2405 3348 Nisi

252 3389 560 3446 Dominus
604 3387 997 3464 oedificaverz't
1045 3387 1295 3443 domum
1317 3429 1336 3455 ,
1391 3388 1460 3443 in
1509 3406 1741 3444 vanum
1786 3387 2245 3454 laboraverunt,
2292 3389 2407 3463 qui

181 3528 185 3532 -
248 3484 550 3562 (edificant
588 3502 757 3548 eam,·
807 3494 865 3540 et
906 3505 917 3539 :
964 3482 1171 3562 Neque
1215 3486 1329 3560 qui
1345 3483 1599 3560 plantat
1633 3492 1716 3540 est
1753 3484 2027 3561 aliquid,
2068 3504 2255 3561 neque
2291 3483 2406 3560 qui

251 3584 444 3657 θῆραι,
479 3562 583 3637 sed
612 3582 726 3657 qui
758 3581 1201 3636 incrementum
1248 3578 1356 3635 dat
1399 3582 1558 3635 Deus
1603 3576 1671 3655 (1
1717 3578 1849 3636 Cor..
1898 3578 2018 3650 111,
2057 3577 2159 3657 7)
2209 3576 2276 3634 50
2325 3574 2399 3631 Ut

250 3672 477 3734 discant
510 3694 714 3734 omnes
738 3718 753 3747 ,
788 3671 967 3733 fidem
990 3673 1216 3732 donum
1244 3672 1346 3733 Dei
1375 3672 1698 3752 gratuitum
1737 3694 1893 3749 esse,
1937 3694 2130 3755 neque
2159 3669 2398 3730 scientia
