2554 4140
428 201 550 243 cAP..
598 203 685 241 111.
733 202 801 238 nn
843 201 968 239 nor.
1012 198 1126 243 mv.
1177 200 1247 239 Ac
1289 200 1592 240 sumimur.
1639 201 1767 241 miv.
2079 180 2155 240 67

60 350 202 407 timo
236 349 443 405 sensui
462 350 584 405 vim
621 346 839 423 faciasss
875 338 1291 421 Atquieodem
1323 341 1505 417 ‘modo
1530 343 1727 423 negari
1763 365 1885 402 non
1918 356 2164 426 possunt

59 440 299 502 moralia
345 440 623 522 principia
671 457 860 518 nuper
908 434 1250 506 enunciat33
1308 454 1443 512 ergo
1481 436 1533 493 si
1582 438 1865 520 principia
1924 440 2163 499 moralia

62 536 327 596 eamdem
349 536 412 593 in
435 553 640 614 genere
663 550 765 589 suo
787 528 1139 589 evidentiam
1174 548 1297 609 prae
1325 549 1385 586 se
1409 527 1604 587 ferunt
1633 551 1697 589 ac
1719 533 2127 594 mathematica
2142 582 2159 611 .,

65 651 224 712 aeque
264 638 416 689 certa
446 648 566 687 esse
599 623 817 683 debent
845 642 970 703 quae
1004 643 1076 681 ex
1108 622 1176 680 iis
1206 621 1462 701 legitime
1493 621 1857 699 inferuntur,
1899 630 2166 707 quamvis

66 723 585 785 demonstrationes
607 717 868 796 ejusdem
890 728 1114 776 naturae
1136 738 1257 775 non
1282 717 1428 793 sint,
1459 726 1517 776 et
1538 737 1703 799 aeque
1726 718 1964 778 insanus
1990 734 2164 798 esset,

69 821 171 902 qui
207 819 551 878 alterutrum
586 824 848 892 negaret.
1657 892 1671 905 ο

156 913 288 974 174.
334 912 538 970 Fateor
567 908 806 988 insuper
830 905 979 965 illud
1011 905 1322 966 discrimen
1351 901 1711 966 intercedere
1733 906 1888 966 inter
1929 906 2175 969 demon-

71 1008 408 1069 strationem
443 1002 916 1079 mathematicam
952 1013 1012 1060 et
1042 1001 1327 1060 moralem
1355 1046 1371 1076 .,
1419 1000 1575 1083 quod
1614 1001 1714 1060 illa
1749 1001 2020 1062 ostendat
2052 1025 2179 1063 rem

75 1103 240 1162 aliter
265 1100 390 1158 fieri
415 1121 537 1157 non
570 1119 736 1180 posse
755 1143 771 1172 7
802 1099 912 1156 ista
947 1118 1088 1157 vero
1114 1119 1236 1156 non
1256 1098 1433 1171 item3
1474 1118 1615 1177 neyo
1653 1108 1851 1157 tamen
1876 1096 2181 1180 quidpiam

73 1207 381 1280 propterea
405 1193 632 1253 detrahi
655 1214 822 1274 posse
854 1192 1164 1254 evidentiae
1193 1192 1451 1252 veritatis
1478 1189 1733 1251 moralis·
1770 1194 1853 1251 Ex
1878 1214 1994 1274 quo
2021 1193 2183 1252 enim

74 1313 166 1352 res
193 1290 451 1372 potuerit
483 1311 603 1347 non
629 1289 767 1350 fieri,
784 1333 799 1362 ‚
829 1309 950 1346 non
974 1286 1257 1369 probatur
1286 1287 1448 1346 illam
1470 1287 1680 1346 factam
1705 1309 1827 1346 non
1852 1308 2011 1371 esse3
2049 1287 2182 1369 quia

76 1409 201 1446 non
248 1386 527 1466 quaeritur
545 1428 562 1458 ,
605 1394 806 1442 utrum
845 1404 938 1442 res
981 1403 1102 1442 esse
1138 1383 1395 1463 potuerit
1414 1427 1430 1456 ,
1469 1382 1572 1442 sed
1607 1391 1804 1442 utrum
1824 1428 1840 1458 ‚
1888 1403 2019 1464 quae
2064 1403 2188 1443 esse

79 1481 298 1563 potuit,
350 1479 538 1560 reipsa
577 1477 850 1537 extiterit.
896 1476 1067 1550 Quod
1109 1477 1477 1538 verissimum
1502 1493 1640 1537 'esse
1681 1488 1911 1559 potest,
1958 1476 2187 1537 etiamsi
2271 1491 2275 1496 ’

77 1599 168 1636 res
208 1575 466 1657 potuerit
492 1594 613 1632 non
647 1594 788 1633 esse.
836 1573 1114 1655 Exempla
1149 1575 1267 1632 sint
1309 1575 1372 1632 in
1414 1574 1539 1634 sole-³
1565 1600 1597 1649 5
1629 1576 1731 1657 qui
1765 1574 1860 1637 vel
1901 1595 2076 1633 mane
2117 1573 2192 1632 sit

79 1671 356 1744 orituruS‚
401 1668 498 1730 vel
543 1668 671 1727 heri
711 1663 889 1727 fuerit
927 1673 1052 1747 jam
1100 1680 1307 1743 ortus3
1357 1670 1421 1728 in
1472 1668 1894 1728 sensationibus
1919 1714 1936 1744 .,
1980 1666 2191 1750 quibus

79 1767 273 1841 ani-ma
297 1764 631 1847 percellitur
657 1763 730 1822 ad
763 1763 1214 1842 dignoscendam
1250 1786 1560 1846 corporum
1599 1765 1968 1823 existentiam
1998 1809 2014 1838 ,
2057 1762 2192 1821 licet

81 1861 192 1920 illae
217 1859 480 1919 absolute
501 1859 625 1917 fieri
646 1859 867 1939 possint
888 1902 903 1930 ,
938 1859 1162 1917 etiamsi
1185 1858 1347 1917 nulla
1374 1879 1613 1940 corpora
1639 1860 1925 1930 existantr,
1954 1858 2193 1916 insanus

83 1969 284 2014 tamen
315 1966 376 2013 et
402 1975 601 2013 amens
627 1951 942 2012 haberetur
962 1998 978 2028 ‚
1016 1955 1116 2035 qui
1148 1953 1493 2013 utrumlibet
1518 1956 1755 2034 negaret
1785 1974 1854 2012 ex
1883 1973 1950 2011 eo
1980 1971 2196 2031 nempe

86 2050 244 2132 quod
269 2049 397 2108 fieri
420 2047 710 2130 potuerit,
747 2058 814 2104 ut
841 2067 948 2105 nec
975 2047 1059 2105 sol
1093 2059 1252 2106 ortus
1287 2048 1491 2121 fuerit,
1523 2047 1618 2108 vel
1646 2068 1769 2106 cras
1805 2067 1980 2106 mane
2015 2047 2197 2128 possit

84 2167 207 2204 non
249 2144 386 2203 oriri
413 2188 429 2217 7
472 2142 567 2204 vel
596 2163 836 2222 corpora
873 2142 1174 2222 potuerint
1208 2164 1331 2200 non
1352 2143 1605 2203 existere
1635 2143 1747 2223 (1).

170 2239 241 2298 17
249 2239 308 2297 5.
356 2239 499 2297 Inst.
531 2237 806 2298 secundo,
841 2236 952 2295 Ubi
987 2237 1101 2296 duo
1144 2237 1353 2296 morali
1390 2238 1682 2298 evidentia
1721 2249 2026 2312 constant,
2071 2258 2197 2320 quae

84 2335 239 2392 inter
272 2354 332 2392 se
370 2343 508 2391 sunt
534 2332 823 2392 contraria
842 2377 857 2407 ,
890 2331 1061 2410 jubet
1091 2333 1403 2415 prudentia
1434 2355 1499 2393 ac
1533 2336 1857 2394 communis
1886 2334 2197 2394 hominum

86 2450 286 2488 sensus
306 2474 322 2503 .‚
356 2439 422 2486 ut
445 2428 512 2485 iis
544 2429 959 2502 assentiamur,
991 2449 1119 2509 quae
1142 2433 1423 2507 majorem
1453 2430 1763 2489 evidentiae
1792 2430 1914 2491 vim
1938 2427 2195 2503 habent3

78 2531 202 2605 jam
233 2546 373 2586 vero
407 2524 544 2583 dato
573 2525 747 2583 etiam
769 2570 786 2599 ⁷
823 2524 980 2606 quod
1014 2546 1085 2584 ex
1117 2527 1355 2585 testium
1381 2526 1496 2586 fide
1524 2526 1832 2608 dignorum
1856 2526 2200 2586 auctoritate

84 2622 362 2682 coalescat
390 2621 626 2680 moralis
653 2622 949 2682 evidentia
987 2621 1060 2682 de
1084 2621 1320 2701 alicujus
1357 2623 1575 2681 mortui
1609 2623 2030 2682 resurrectione
2059 2621 2198 2679 olim

88 2718 236 2776 facta
273 2717 348 2775 ad
375 2717 630 2776 hominis
656 2729 869 2775 nutum
890 2762 906 2792 ‚
934 2718 1128 2798 negari
1153 2730 1314 2777 certo
1340 2739 1457 2776 non
1482 2729 1675 2799 potest
1696 2763 1711 2792 ,
1752 2718 1894 2798 quin
1923 2720 2203 2794 majorem

89 2812 395 2872 evidentiae
429 2812 672 2892 gradum
705 2810 815 2891 sibi
849 2811 1105 2872 vindicet
1132 2824 1414 2894 perpetua
1446 2833 1510 2871 ac
1535 2810 1805 2871 omnibus
1835 2809 2005 2871 obvia
2033 2831 2207 2891 expe-

92 2907 301 2966 rientia
322 2953 337 2982 7
374 2929 488 2989 qua
511 2918 736 2966 constat
759 2918 1018 2966 mortuos
1047 2929 1169 2965 non
1193 2922 1508 2987 resurgere.
1536 2907 1723 2989 Atqui
1743 2908 1901 2964 inter
1933 2904 2037 2963 has
2061 2903 2204 2963 duas

95 3003 514 3084 propositiones
564 3003 862 3061 moraliter
915 3013 1099 3061 certas
1146 3023 1274 3061 eam
1325 3003 1488 3082 sequi
1536 3000 1719 3061 debeo
1747 3045 1764 3075 ,
1823 3021 1953 3081 quae
1999 2997 2204 3076 majori

98 3098 302 3157 nititur
337 3097 651 3159 evidentia.
689 3100 870 3178 Ergo,
912 3099 1140 3157 coactus
1176 3098 1384 3178 eligere
1424 3099 1581 3156 inter
1625 3098 1971 3157 alterutram
2000 3114 2208 3177 propo-

98 3192 404 3268 sitionem,
438 3193 669 3252 credere
707 3193 890 3252 debeo
934 3203 1194 3252 mortuos
1236 3215 1357 3252 non
1399 3212 1732 3272 resurgere,
1765 3211 1830 3250 ao
1869 3190 2038 3270 longe
2075 3188 2207 3247 faci-

103 3285 215 3345 lius
242 3288 573 3366 contingere
611 3289 901 3370 potuisse,
945 3299 1020 3346 ut
1046 3287 1313 3347 homines
1341 3334 1357 3362 ‚
1405 3289 1504 3370 qui
1543 3296 1834 3347 testantur
1865 3282 2210 3344 miraculum

104 3381 539 3441 resurrectionis
557 3426 573 3458 ,
608 3382 702 3445 vel
723 3382 948 3465 decepti
977 3383 1127 3460 sint,
1153 3382 1247 3447 vel
1284 3381 1480 3443 fallere
1502 3380 1821 3455 voluerint,
1846 3401 2024 3463 quam
2047 3377 2171 3438 fieri
2191 3419 2208 3450 ,

179 3673 249 3739 (l)
285 3673 428 3725 Cons-
462 3674 739 3726 Homteville
758 3713 772 3737 ‚
802 3676 879 3727 La
901 3676 1126 3742 Reliqion
1144 3714 1158 3738 ‚
1194 3687 1284 3728 etc.
1302 3715 1315 3739 ,
1351 3687 1466 3728 tom.
1495 3694 1529 3726 11
1547 3715 1560 3741 ,
1592 3677 1674 3727 lib.
1709 3695 1750 3739 1,
1790 3678 1929 3743 chap.
1965 3674 2000 3741 4
2024 3685 2067 3726 et
2093 3693 2192 3742 seq.

1917 3757 1977 3815 5.
2049 3793 2052 3795 -
