2554 4140
304 70 424 130 206

653 539 817 625 DE
890 542 1247 628 VERA
1320 543 2090 631 RELIGIONE.

1042 830 1274 900 PARS
1326 799 1709 902 ALTERA

951 1055 1267 1102 ADVERSUS
1318 1058 1800 1105 HETERODOXOS.

393 1298 449 1355 1.
498 1292 1006 1355 Heterodoxorum
1033 1293 1278 1354 nomine
1298 1294 1551 1356 veniunt
1571 1306 1743 1355 sectae
1768 1316 1972 1355 omnes
1993 1342 2009 1371 7
2034 1301 2445 1384 cujuscumque

216 1432 219 1435 ,
305 1394 546 1454 demum
562 1391 991 1451 communionis
1012 1413 1079 1451 ac
1093 1389 1590 1450 denominationis
1607 1391 1744 1467 sint,
1761 1413 1914 1474 quae7
1933 1391 2057 1454 sive
2072 1393 2134 1451 in
2151 1393 2442 1475 pluribus7

306 1490 431 1551 sive
455 1490 519 1547 in
559 1486 928 1571 paucioribus
954 1486 1092 1546 fidei
1114 1486 1371 1547 articulis
1395 1533 1410 1561 7
1444 1486 1518 1546 ab
1556 1486 1819 1548 Ecclesiae
1853 1488 2151 1549 catholicae
2180 1490 2446 1552 doctrina

305 1586 513 1668 quovis
545 1596 814 1666 tempore
843 1594 1211 1644 recesserunt
1232 1630 1248 1659 7
1280 1583 1378 1644 vel
1410 1582 1484 1642 ab
1508 1605 1573 1643 ea
1604 1584 1665 1642 in
1691 1585 1814 1645 dies
1845 1583 2147 1646 recedunt.
2182 1588 2444 1667 Longum

302 1692 617 1764 propterea
634 1691 787 1741 esset
807 1726 823 1756 7
854 1680 974 1739 imo
999 1680 1100 1740 vix
1119 1679 1397 1763 possibile
1423 1691 1511 1738 tot
1537 1692 1830 1741 sectarum
1857 1703 2081 1742 errores
2105 1682 2446 1764 singillatim

302 1777 594 1860 persequi.
638 1777 922 1838 Revocari
955 1787 1270 1860 propterea
1298 1775 1617 1859 disputatio
1647 1789 1847 1837 nostra
1887 1776 2063 1838 debet
2091 1779 2166 1839 ad
2207 1779 2444 1862 aliquod

303 1873 575 1955 generale
596 1874 953 1957 principium
975 1920 991 1949 7
1020 1896 1053 1933 a
1079 1896 1196 1957 quo
1220 1885 1350 1934 tuto
1378 1876 1778 1936 controversia
1802 1885 2011 1958 sponte
2031 1898 2133 1936 sua
2155 1877 2446 1959 quodam-

302 1972 481 2032 modo
514 1972 761 2032 defluat.
802 1973 1133 2032 Constituta
1160 1994 1335 2054 porro
1363 1984 1541 2055 atque
1575 1973 1637 2031 in
1668 1984 1793 2032 tuto
1819 1974 2004 2056 posita
2034 1973 2244 2036 divinae
2269 1996 2446 2034 reve-

303 2067 539 2127 lationis
582 2068 891 2128 existentia
936 2067 1216 2129 adversus
1252 2069 1622 2141 incredulos7
1675 2067 2098 2152 inquirendum
2143 2083 2441 2154 superest,

302 2184 447 2223 num
484 2166 639 2223 Deus
667 2210 682 2238 7
720 2165 820 2245 qui
845 2186 1012 2223 suam
1051 2165 1319 2246 aperiens
1357 2164 1688 2225 doctrinam
1715 2187 1780 2225 ac
1808 2166 2181 2228 voluntatem
2204 2213 2220 2240 ‚
2261 2167 2446 2226 homi-

303 2260 478 2319 nibus
516 2261 758 2320 mirifice
785 2259 1086 2343 prospexit
1109 2306 1124 2336 7
1150 2260 1304 2319 hanc
1331 2283 1496 2320 suam
1528 2261 1948 2321 revelationem
1980 2263 2227 2345 privatis
2258 2262 2446 2322 homi-

300 2357 477 2416 nibus
508 2378 608 2415 seu
637 2357 870 2439 spiritui
897 2357 1129 2439 privato
1164 2357 1621 2439 uniuscujusque
1652 2356 1937 2417 dimiserit
1957 2403 1972 2430 7
2009 2380 2085 2416 an
2111 2379 2250 2420 vero
2274 2358 2447 2418 alicui

300 2454 478 2514 coetui
527 2474 630 2514 seu
689 2453 951 2512 societati
1001 2475 1033 2511 a
1087 2474 1148 2511 se
1191 2452 1479 2512 institutae
1499 2498 1515 2528 7
1580 2451 1832 2534 publicae
1856 2497 1871 2526 ‚
1931 2453 2225 2524 infallibili
2268 2466 2446 2536 atque

302 2560 607 2632 perpetuae
634 2548 1101 2608 conservandam
1137 2559 1314 2630 atque
1335 2548 1847 2629 interpretandam
1873 2549 2183 2609 tradiderit
2212 2561 2271 2610 et
2301 2571 2446 2609 con-

300 2646 636 2725 signaverit.
681 2647 746 2703 In
783 2644 893 2703 hac
934 2666 1074 2704 vero
1116 2645 1425 2727 posteriori
1456 2645 1771 2727 hypothesi
1808 2657 2076 2705 remanet
2117 2645 2441 2705 discutien-

300 2742 483 2817 dum7
539 2762 809 2824 quaenam
853 2742 1093 2800 societas
1145 2741 1435 2822 legitimos
1479 2741 1682 2800 titulos
1725 2764 1848 2824 prae
1892 2764 1953 2802 se
1997 2743 2183 2819 ferat7
2231 2741 2442 2824 quibus

291 2844 426 2918 jure
470 2839 801 2921 meritoque
841 2837 951 2897 sibi
992 2837 1255 2899 vindicet
1287 2837 1551 2898 divinam
1592 2838 1746 2898 lianc
1785 2838 2211 2898 auctoritatem.
2255 2841 2323 2896 In
2352 2838 2443 2897 his

302 2935 547 2994 maximi
567 2935 856 2994 momenti
874 2933 1293 3017 quaestionibus
1321 2933 1725 3016 expendendis
1755 2945 1878 2993 tota
1909 2933 2238 2995 versabitur
2260 2934 2444 2994 altera

298 3031 425 3092 haec
461 3041 743 3090 tractatus
778 3032 965 3090 nostri
997 3053 1152 3113 pars,
1195 3032 1279 3089 Ex
1310 3029 1528 3112 duplici
1570 3031 1677 3089 hac
1718 3030 2125 3112 disquisitione
2148 3076 2164 3105 7
2199 3042 2442 3090 contro-

299 3128 504 3188 versiae
543 3127 864 3209 peculiares
907 3149 1111 3186 omnes
1151 3125 1537 3186 enucleantur
1565 3149 1630 3186 ac
1670 3125 2110 3202 dissolvuntur7
2164 3149 2297 3186 cum
2343 3126 2444 3186 ubi

299 3222 483 3283 semel
527 3222 599 3281 de
644 3222 755 3281 illis
799 3234 1063 3296 constet7
1123 3245 1245 3281 non
1301 3234 1507 3302 agatur
1557 3222 1807 3304 amplius
1862 3224 1974 3281 nisi
2030 3223 2104 3282 de
2147 3222 2440 3282 audiendo

300 3317 585 3398 ejusmodi
630 3317 923 3376 infallibili
963 3320 1295 3398 magisterio
1333 3341 1362 3377 a
1404 3319 1635 3377 Christo
1678 3319 1804 3400 ipso
1841 3319 2131 3378 instituto.
2186 3322 2440 3379 Omnem

298 3413 551 3497 proinde
597 3413 959 3493 diligentiam
1020 3414 1432 3496 impendemus
1477 3414 1552 3473 ad
1596 3427 2010 3493 argumentum
2054 3414 2213 3474 istud
2258 3411 2438 3472 solide

301 3509 733 3583 evolvendum,
772 3510 930 3591 quod
960 3521 1026 3568 ut
1061 3510 1430 3570 obtineamus
1453 3556 1468 3586 7
1511 3510 1839 3569 continenti
1863 3511 2331 3593 propositionum
2356 3529 2441 3569 se·

298 3607 419 3683 rie7
459 3627 587 3690 quae
620 3629 682 3668 se
709 3606 964 3671 invicem
1004 3606 1300 3691 excipiant
1327 3653 1343 3684 7
1381 3628 1509 3667 rem
1547 3617 1735 3667 totam
1767 3607 2246 3690 complectemur.
