2554 4140
823 155 975 191 PROP.
1008 154 1088 193 v1.
1139 155 1207 189 nn
1249 152 1396 189 snc'r.
2054 124 2173 185 275

148 299 280 357 168.
326 299 498 379 Resp.
543 299 704 356 Dz‘st.
760 307 951 354 antec.
1016 295 1346 372 Antequam
1396 291 1586 351 fidem
1623 290 1997 350 christianam
2048 291 2176 371 quis

64 392 451 474 amplectatur
473 436 489 464 ,
528 413 630 450 seu
669 390 947 472 quamdiu
981 385 1230 446 infidelis
1262 397 1350 445 est
1370 431 1386 460 .,
1411 391 1508 464 jus
1539 385 1719 462 habet
1746 385 2083 468 inquirendi
2109 386 2173 444 in

62 487 282 546 motiva
337 484 771 561 credibilitatis‚
828 495 1015 542 tram.
1038 505 1059 547 ,·
1112 491 1426 560 postquam
1480 480 1658 543 fidem
1699 480 1951 563 suscepit
1980 526 1996 555 ‚
2042 503 2171 560 neq.

63 580 243 640 Fideli
263 581 420 640 enim
441 579 673 638 nullum
689 580 1132 646 dubitativum,
1160 584 1227 631 ut
1247 584 1460 634 vocant
1476 618 1492 647 ,
1521 595 1768 634 examen
1793 577 2179 656 permittitur,

64 675 221 756 quod
245 697 377 734 cum
409 696 545 735 vera
577 674 693 732 fide
715 672 1026 731 consistere
1050 668 1278 748 nequit.
1327 669 1687 727 Permittitur
1712 681 1911 729 tamen
1936 671 2002 729 iis
2025 716 2041 746 a
2080 671 2181 752 qui

61 769 258 828 idonei
303 780 473 843 sunt,
536 787 783 828 examen
823 775 1059 823 tantum
1100 763 1506 838 discretionis,
1552 773 1619 820 ut
1662 767 1840 843 magis
1884 766 2181 848 magisque

63 884 125 924 se
163 865 226 922 in
261 862 377 923 fide
404 863 773 922 confirment.

148 959 264 1017 169
283 1002 297 1016 .
350 959 496 1028 Inst.
529 954 746 1014 Saltem
770 953 1084 1035 unicuique
1109 974 1357 1013 examen
1389 949 1769 1027 dubitationis
1793 950 1989 1034 licebit
2011 953 2183 1012 insti-

63 1065 229 1112 tuere
275 1053 421 1111 circa
464 1072 667 1111 veram
711 1049 1022 1110 Ecclesiam
1049 1095 1064 1124 a
1116 1048 1374 1130 alioquin
1418 1059 1797 1129 sequeretur,
1844 1050 2182 1131 quempiam

63 1167 263 1229 posse,
299 1146 481 1203 immo
518 1156 577 1205 et
607 1143 819 1204 debere
839 1190 854 1219 ,
886 1155 1052 1203 sectae
1073 1189 1088 1218 .,
1121 1166 1250 1225 quae
1274 1143 1584 1202 christiana
1610 1142 1836 1202 dicatur
1855 1189 1870 1217 ,
1899 1154 1959 1203 et
1982 1144 2043 1202 in
2068 1166 2183 1227 qua

62 1253 235 1300 natus
271 1243 345 1301 sit
363 1287 379 1315 ‚
415 1241 713 1301 adhaerere
733 1286 748 1315 ,
797 1240 954 1323 quod
981 1252 1068 1300 est
1098 1239 1438 1299 absurdum.
1482 1239 1650 1313 Quod
1671 1240 1716 1299 si
1745 1261 1991 1299 examen
2020 1240 2186 1300 dubi-

60 1338 296 1396 tationis
314 1336 701 1396 necessarium
717 1346 806 1395 est
826 1335 901 1394 ad
917 1357 1116 1396 veram
1137 1335 1348 1394 Christi
1383 1334 1689 1396 Ecclesiam
1703 1335 2181 1416 dignoscendam,

62 1432 272 1512 quidni
302 1431 479 1490 etiam
515 1431 591 1490 ad
622 1441 817 1511 cetera
848 1429 983 1488 fidei
1012 1429 1283 1510 dogmata
1317 1429 1724 1489 discutienda?

152 1526 284 1585 170.
330 1528 499 1606 Resp.
544 1526 702 1584 Dz'st.
740 1529 954 1603 mayor.
1001 1524 1328 1605 Unicuique
1367 1523 1592 1583 licitum
1616 1536 1706 1584 est
1732 1546 1981 1586 examen
2012 1525 2186 1585 dubi-

64 1621 297 1680 tationis
328 1620 473 1678 circa
499 1639 698 1678 veram
725 1619 1031 1678 Ecclesiam
1054 1664 1069 1693 ,
1108 1621 1225 1677 imo
1260 1619 1647 1678 necessarium
1686 1620 1757 1679 iis
1782 1620 2053 1680 omnibus
2082 1621 2183 1704 qui

63 1728 227 1776 extra
269 1714 615 1776 catholicam
659 1714 973 1774 Ecclesiam
1010 1726 1319 1775 versantur
1346 1759 1362 1789 ,
1408 1736 1612 1782 conc.,·
1655 1714 1962 1775 Catholicis
1992 1762 2008 1791 ‚
2054 1739 2183 1798 neq.

61 1812 229 1872 Ratio
254 1830 493 1870 summae
509 1810 858 1892 disparitatis
883 1811 1040 1869 inter
1063 1820 1342 1890 utrosque
1368 1831 1438 1869 ex
1463 1831 1531 1868 eo
1553 1820 1743 1892 patet,
1777 1810 1935 1892 quod
1966 1810 2183 1870 Catho-

62 1907 192 1968 licis
216 1929 321 1990 per
342 1928 590 1967 examen
614 1905 980 1966 discretionis
1009 1906 1301 1966 evidentia
1329 1905 1534 1965 morali
1558 1917 1786 1967 constet
1808 1907 1880 1966 de
1904 1919 2185 1989 perpetua

62 2015 122 2064 et
165 2025 471 2085 nunquam
517 2004 846 2084 interrupta
903 2002 1261 2062 successione
1318 2002 1732 2084 Episcoporum
1773 2001 1846 2061 ab
1890 2003 2178 2085 Apostolis

66 2121 249 2181 usque
277 2099 354 2158 ad
377 2120 483 2157 nos
500 2143 516 2174 ‚
545 2108 718 2180 prout
743 2098 937 2156 omnia
956 2097 1184 2180 publica
1215 2110 1597 2157 monumenta
1622 2108 1932 2157 testantur.
1959 2100 2177 2158 Contra

62 2216 201 2256 vero
230 2193 435 2253 eadem
451 2193 655 2252 morali
677 2192 969 2254 evidentia
997 2204 1224 2252 constat
1249 2192 1521 2252 omnibus
1550 2194 1805 2253 sectariis
1831 2194 1905 2253 de
1930 2193 2174 2276 epocha,

63 2291 126 2349 in
157 2312 270 2371 qua
295 2290 555 2371 ipsorum
583 2293 830 2366 majores
856 2287 929 2347 ab
958 2288 1161 2349 eadem
1184 2289 1425 2347 Ecclesia
1448 2289 1836 2349 discesserunt
1865 2289 1939 2348 ad
1963 2310 2183 2350 novam

62 2386 393 2444 societatem
428 2383 850 2444 instituendam
870 2429 885 2458 7
922 2405 1052 2465 quae
1084 2404 1208 2443 sese
1245 2385 1517 2466 opposuit
1542 2395 1671 2442 tum
1699 2385 2026 2443 auctoritati
2051 2397 2181 2444 tum

62 2480 230 2554 fidei,
270 2501 448 2561 quam
470 2479 834 2560 reliquerunt
853 2525 869 2553 .‚
900 2478 997 2539 vel
1028 2501 1061 2538 a
1091 2501 1204 2561 qua
1229 2478 1307 2538 ob
1327 2502 1492 2539 suam
1534 2480 1918 2562 pervicaciam
1955 2481 2183 2562 expulsi

66 2587 224 2634 sunt.
266 2575 518 2656 Ideoque
550 2575 725 2656 primi
756 2563 1097 2649 certi'sunt‚
1144 2587 1203 2635 et
1232 2575 1469 2656 quidem
1507 2575 1856 2635 certitudine
1891 2576 2026 2635 fidei
2048 2621 2063 2648 .,
2108 2575 2181 2636 de

67 2669 477 2729 infallibilitate
508 2674 758 2750 propriae
794 2669 1053 2728 Ecclesiae
1078 2714 1094 2743 a
1140 2671 1230 2727 cui
1257 2671 1524 2751 promisit
1555 2670 1817 2728 Christus
1852 2691 1913 2729 se
1940 2670 2181 2729 adfutu-

69 2785 201 2823 rum
226 2786 409 2846 usque
446 2763 522 2822 ad
554 2764 1117 2822 consummationem
1138 2764 1360 2842 saeculi3
1389 2766 1616 2824 sectarii
1646 2776 1843 2824 autem
1871 2786 2180 2846 nunquam

70 2857 180 2917 sibi
210 2860 363 2919 hanc
395 2857 875 2917 infallibilitatem
907 2869 1154 2940 possunt
1187 2881 1417 2919 sumere
1438 2906 1455 2935 ,
1500 2861 1614 2919 nisi
1640 2859 1826 2921 velint
1865 2859 1973 2918 sibi
2010 2883 2174 2921 arro-

70 2973 202 3032 gare
225 2998 240 3027 ‚
269 2953 426 3035 quod
453 2952 744 3033 denegant
772 2954 1057 3013 universae
1080 2953 1343 3014 Ecclesiae
1389 2976 1566 3036 quam
1602 2954 2180 3037 reliquerunt.b,Hin'c

74 3045 351 3106 Catholici
395 3068 467 3107 ex
510 3048 758 3130 propriis
802 3048 1100 3131 principiis
1142 3047 1408 3108 dubitare
1452 3071 1572 3109 non
1610 3062 1903 3132 possunt,
1955 3051 2183 3111 sectarii

73 3153 269 3203 autem
295 3163 364 3202 ex
399 3144 646 3226 propriis
672 3144 967 3226 principiis
1002 3143 1272 3206 dubitare
1308 3146 1535 3205 dehent.

1848 3717 1941 3775 18.
