2554 4140
409 143 533 180 cu„
579 142 660 183 1v.
709 140 779 180 nu·
821 141 1004 181 uxls'r.
1055 141 1170 180 mv.
1217 142 1287 179 Ac
1330 138 1635 178 summum.
1684 137 1815 179 Rev.
2054 116 2166 176 161

60 283 377 344 certissimo
408 283 607 342 mortis
639 281 894 364 periculo
917 292 976 340 et
998 280 1294 361 perpetuis
1326 278 1750 360 privationibus
1783 299 1877 338 eos
1907 299 2167 360 expone-

57 380 161 439 bat
191 381 313 461 (1);
346 381 534 460 agitur
570 379 643 439 de
681 377 1094 461 propagatione
1130 374 1414 453 ejusmodi
1448 375 1740 454 religionis
1776 375 1931 435 inter
1967 387 2167 456 gentes

59 474 530 554 flagitiosissimas
569 486 629 533 et
663 475 727 532 in
765 492 941 531 omne
976 471 1254 530 vitiorum
1294 490 1474 548 genus
1519 469 1759 543 effusaS,
1799 471 1940 552 quin
1976 470 2170 552 philo-

61 570 376 651 sophorum
410 568 711 651 superbia,
747 565 1082 647 principum
1116 564 1231 636 ira,
1267 563 1604 621 immanitas
1643 564 2036 642 sacerdotum,
2072 566 2174 648 qui
2212 638 2216 643 ἡ

63 667 222 722 omni
252 686 365 745 qua
392 673 664 747 poterant
701 659 985 718 industria
1026 663 1146 735 ejus
1177 659 1582 740 propagationi
1619 679 1745 716 sese
1782 658 2168 738 oinciebant‚

62 758 335 836 ingruens
369 748 483 816 *sibi
526 755 747 814 malum
789 765 1053 813 avertere
1095 764 1368 834 possent3
1412 753 1600 832 agitur
1642 752 1883 812 demum
1927 754 1999 814 de
2041 757 2173 817 talis

62 851 351 931 religionis
391 848 804 931 propagatione
850 858 934 905 tot
974 848 1130 906 inter
1179 847 1548 907 difficultates
1597 859 1834 929 peracta
1878 869 1984 929 per
2025 850 2173 910 duo—

63 945 251 1006 decim
280 946 432 1005 viros
458 944 769 1025 piscatores
790 988 804 1016 ,
843 942 1070 1023 ineptos
1091 988 1106 1016 ,
1153 942 1325 1001 rudes
1354 986 1371 1016 ,
1405 941 1629 1019 judaeos
1659 942 1768 1021 (2).
1802 943 1949 1000 Cum
1979 943 2174 1024 itaque

62 1062 131 1100 ex
165 1061 278 1098 una
306 1050 470 1120 parte
495 1039 685 1096 omnis
720 1038 944 1118 generis
978 1037 1277 1097 obstacula
1322 1037 1673 1098 validissime
1715 1036 1852 1097 huic
1895 1059 2174 1119 propaga·

60 1134 204 1192 tioni
243 1132 624 1206 obsisterent,
660 1155 731 1191 ex
765 1131 946 1191 altera
981 1154 1117 1193 vero
1154 1132 1353 1212 religio
1387 1131 1656 1191 subsidiis
1686 1131 1972 1191 omnibus.
1998 1143 2143 1191 natu

60 1226 312 1300 ralibuS,
350 1228 420 1286 ad
461 1249 526 1286 63
561 1225 891 1308 superanda
923 1226 1156 1302 ‘idoneis
1178 1272 1195 1303 ‚
1232 1228 1466 1309 penitus
1507 1238 1656 1286 esset
1701 1226 1978 1287 destituta
2003 1272 2018 1300 ,
2061 1228 2145 1286 im

61 1321 349 1404 possibilis
406 1334 532 1381 erat
573 1322 746 1400 hujus
802 1321 1092 1401 religionis
1150 1323 1524 1403 propagati0‚
1582 1322 1694 1380 nisi
1747 1321 2052 1382 invisibilis
2111 1343 2177 1381 ac

63 1418 517 1499 supernaturalis
558 1419 739 1479 virtus
771 1419 824 1477 ei
861 1417 1208 1491 adstitisset3
1251 1440 1393 1477 nam
1434 1416 1536 1477 ubi
1572 1417 1656 1479 vis
1700 1417 1913 1490 motrix
1943 1430 2030 1478 est
2073 1419 2180 1476 mi-

63 1513 221 1572 nima
259 1534 322 1572 ac
353 1535 503 1594 pene
531 1512 693 1572 nulla
719 1559 736 1588 .‚
781 1523 841 1572 et
885 1513 1172 1595 oppositio
1211 1535 1312 1572 seu
1353 1513 1681 1572 resistentia
1730 1524 1818 1572 est
1880 1513 2132 1572 maxima
2155 1558 2171 1588 ‚

65 1607 304 1667 effectus
350 1606 601 1666 obtineri
634 1606 880 1689 nequit,
924 1608 1035 1666 nisi
1075 1607 1301 1667 occulta
1341 1607 1533 1688 aliqua
1583 1607 1769 1667 virtus
1807 1619 2017 1689 praesto
2059 1608 2134 1667 sit
2161 1654 2177 1682 ,

63 1723 190 1782 quae
221 1713 376 1761 certe
413 1702 476 1760 in
509 1724 642 1761 casu
686 1714 885 1762 nostro
921 1724 1045 1762 esse
1079 1725 1200 1762 non
1247 1703 1438 1784 potuit
1479 1702 1590 1760 nisi
1628 1700 2180 1784 supernaturalis‘et

62 1796 281 1857 divina.

146 1890 285 1950 373.
335 1893 469 1950 Jam
499 1913 639 1952 vero
667 1891 794 1952 haec
816 1894 1155 1975 propagatio
1192 1894 1286 1952 vel
1319 1894 1560 1974 contigit
1595 1905 1836 1975 propter
1865 1892 2142 1954 miracula
2162 1938 2179 1968 .‚

63 1983 158 2046 vel
185 1987 310 2045 sine
350 1986 680 2060 miraculis3
723 1988 772 2046 si
798 1989 1091 2069 primum,
1131 1987 1327 2047 divina
1359 1993 1485 2066 jam
1518 1999 1605 2048 est
1638 1988 1869 2068 religio,
1910 2009 2036 2070 quae
2083 1987 2182 2047 ob·
2267 2064 2269 2066 q

66 2080 285 2159 signata
326 2080 435 2138 fuit
477 2081 797 2141 certissima
844 2083 1104 2143 veritatis
1149 2104 1215 2142 ac
1267 2082 1586 2144 divinitatis
1634 2094 1770 2140 nota
1796 2126 1812 2156 7
1860 2081 2183 2160 cujusmodi

65 2176 340 2235 miracula
372 2198 496 2236 esse
537 2178 935 2252 ostendimus3
982 2180 1031 2237 si
1062 2179 1315 2240 alterum
1351 2178 1599 2251 dicitura
1639 2179 1977 2260 propagatio
2008 2178 2182 2257 hujus

64 2271 353 2352 religionis
397 2285 486 2332 est
543 2275 807 2333 omnium
863 2276 1124 2357 primum
1172 2276 1614 2357 maximumque
1674 2275 2040 2336 miraculum.
2090 2275 2180 2335 Sic

63 2366 272 2448 impios
314 2389 380 2428 ac
421 2368 682 2430 infideles
726 2371 814 2428 sui
859 2371 1137 2452 temporis
1181 2370 1487 2452 premebat
1531 2372 1588 2430 S.
1629 2371 1984 2452 Augustinus
2026 2370 2134 2452 (3).

137 2627 202 2690 (l)
240 2626 423 2675 Gibbon
473 2630 571 2693 ipse
613 2629 824 2693 graphice
871 2629 1086 2677 describit
1172 2630 1332 2694 pressit
1363 2632 1413 2676 in
1438 2646 1521 2677 suo
1545 2625 1812 2691 Paratum,
1855 2628 1993 2676 Cant.
2033 2643 2138 2675 xxiv
2166 2664 2179 2687 ‚

69 2709 377 2757 miserandam
392 2707 755 2758 Christianorum
769 2711 1106 2759 conditionem»
1170 2712 1243 2759 his
1267 2709 1475 2759 versibus
1493 2747 1507 2770 ,
1548 2706 1642 2756 106
1667 2719 1710 2757 et
1736 2726 1862 2774 seqq.
1896 2725 1910 2756 ε

70 2789 218 2838 tribus
240 2791 331 2838 illis
358 2791 587 2855 prioribus
601 2791 777 2839 saeculis
796 2795 846 2839 in
865 2791 1089 2844 Historia
1229 2805 1281 2845 Se
1309 2804 1343 2844 il
1367 2802 1528 2844 mondo
1546 2804 1584 2843 si
1599 2803 1755 2844 rivolse
1779 2804 1829 2843 al
1854 2792 2154 2844 Cristianesm'o
2169 2833 2182 2855 ‚

69 2862 135 2917 *de
161 2887 276 2918 casu
301 2871 514 2936 Imperii
542 2873 763 2932 romani,
788 2889 829 2920 6.
851 2889 932 2922 xv.
1230 2874 1390 2916 Diss'io
1410 2906 1420 2927 ‚
1454 2877 1581 2916 senza
1606 2874 1810 2915 miracoli
1838 2887 1855 2913 .·
1881 2874 2097 2932 quest’uno

154 2950 218 3013 (2)
254 2952 663 3018 Eloquenfissime,
717 2964 765 3001 ut
809 2955 953 3015 solet,
1000 2955 1090 3002 hoc
1231 2945 1287 2987 E'
1315 2947 1406 2997 tal,
1438 2945 1514 2986 che
1539 2946 1607 3002 gei
1629 2946 1739 2986 altri
1777 2959 1864 2986 non
1893 2960 1998 2986 sono
2031 2945 2066 2985 il
2090 2960 2188 2986 cen·

75 3043 396 3095 argumentum
426 3032 660 3082 evolvitS.
688 3034 824 3083 Joan.
854 3034 1090 3101 Chrysost.
1289 3027 1432 3058 ‘emm'

76 3112 207 3160 Orat.
236 3131 262 3160 v
294 3112 473 3162 Contra
502 3115 727 3178 qentiles,
759 3115 899 3164 Hom.
951 3116 1096 3183 Quod
1244 3115 1454 3163 Perbelle
1494 3125 1646 3163 autem
1691 3115 1808 3169 illud
1850 3115 2019 3164 evolvit
2043 3115 2185 3164 Card.

84 3192 307 3241 Christus
323 3203 391 3242 est
410 3192 555 3244 Deus.
575 3195 694 3245 lllud
712 3200 845 3245 etiam
864 3198 1096 3263 eleganter
1177 3196 1481 3245 Pallavicinus
1507 3199 1556 3244 in
1587 3214 1721 3263 opere
1752 3195 1873 3245 Arte
1889 3195 2010 3245 della
2027 3197 2189 3262 perfix-

92 3275 289 3323 illustrat
331 3275 522 3341 Segneri
565 3287 720 3327 noster
757 3282 806 3327 in
855 3297 1097 3346 nunquam
1182 3279 1317 3326 zione
1362 3279 1630 3338 cristiana,
1677 3278 1760 3327 lib.
1801 3294 1852 3338 ι,
1891 3295 1934 3327 6.
1970 3296 2042 3327 xvx
2067 3316 2081 3339 ,
2116 3278 2189 3326 his

76 3359 202 3404 *satis
246 3359 567 3407 commendato
596 3377 742 3426 opere
797 3360 1099 3410 L’inoredulo
1180 3360 1330 3408 verbis
1366 3375 1381 3408 ε
1412 3355 1509 3407 Per
1531 3375 1772 3408 conoscere
1804 3359 1886 3408 che
1918 3358 1966 3407 la
1995 3374 2190 3407 conver-

97 3454 240 3488 senza
269 3455 406 3487 sousa
429 3478 441 3500 ,
474 3459 523 3506 p.
554 3457 582 3488 τι
604 3477 617 3502 ,
637 3459 679 3490 6.
707 3459 755 3510 9.
1181 3442 1314 3489 sione
1339 3438 1417 3488 del
1438 3439 1609 3489 mondo
1634 3441 1761 3506 faita
1794 3457 1943 3489 senza
1969 3437 2192 3487 miracoli

164 3520 225 3582 (3)
264 3519 343 3568 De
359 3522 454 3571 civ.
486 3521 614 3582 Dei,
644 3521 725 3571 lib.
753 3541 864 3572 xxu.
891 3524 1102 3574 Feliciter
1183 3521 1373 3570 sav-ebbe
1404 3530 1521 3570 stato
1556 3524 1774 3587 maqqior
1803 3519 2028 3569 miraooIo
2050 3557 2063 3579 ‚
2084 3520 2192 3585 fao-

93 3599 180 3648 hoc
207 3600 450 3667 Augustini
477 3614 796 3669 argumentum
826 3605 995 3656 Dentes
1022 3625 1101 3657 ex·
1186 3605 1313 3653 oiasi
1329 3605 1526 3668 reqione
1549 3641 1562 3667 ,
1590 3604 1674 3652 che
1700 3603 1719 3650 i
1734 3602 1942 3652 'misterii
1961 3601 2017 3649 di
2033 3609 2194 3650 nostra

206 3681 379 3742 ·ΤῙ.
1689 3746 1691 3749 ,
1948 3681 2016 3741 11
