2554 4140
798 155 946 192 paor.
994 155 1071 193 v1.
1121 155 1188 190 ne
1234 151 1386 189 secr.
1647 168 1652 171 ⁴
2024 121 2143 183 273

42 301 234 382 inquit
269 302 554 373 JoanneS,
593 307 660 355 ut
680 297 905 375 aliquis
926 295 1128 353 doceat
1152 311 1281 359 v03,·
1312 291 1416 349 sed
1445 293 1646 348 unctio
1682 294 1810 368 ejus
1851 287 2149 370 (Christi)

42 399 202 456 docet
239 416 334 453 vos
370 395 439 451 de
471 393 779 459 omuibus,
811 401 868 448 et
900 405 1108 447 verum
1147 395 1259 453 est,
1288 396 1343 442 et
1367 405 1488 443 uon
1513 395 1596 443 est
1621 385 2025 443 mendacium.
2061 384 2152 444 Et

38 496 197 551 sicut
221 492 420 548 docuit
440 508 566 556 vos,
604 495 832 544 manete
864 488 932 541 in
962 502 1022 540 eo
1050 479 1136 559 (I.
1164 481 1334 536 Joan.
1366 481 1416 535 ll
1437 521 1455 551 ,
1479 478 1556 536 27
1574 479 1618 556 ).
1653 478 1822 551 Quod
1845 500 1986 539 sane
2009 499 2153 538 con-

42 595 207 644 sonat
235 584 418 644 veteri
447 580 765 664 prophetiae
783 623 799 651 ,
838 577 899 634 in
927 579 1039 655 qua
1068 572 1280 631 dicitur
1320 593 1333 629 :
1385 572 1621 630 Ponam
1662 577 1970 631 universos
1994 574 2155 651 filios

42 691 170 738 tuos
190 681 376 737 doctos
397 699 436 735 a
457 679 717 735 Domino
737 673 944 750 (Joan.
973 668 1086 741 VI,
1116 666 1194 724 45
1219 711 1234 738 ,
1267 663 1397 723 coll.
1437 666 1595 723 Isa'iae
1628 667 1745 723 LIV
1767 711 1783 740 ,
1821 667 1964 745 13);
1994 667 2153 749 quod

44 773 279 854 quidem
295 770 631 831 vaticinium
650 776 819 825 suum
833 760 1359 844 adimplementum
1374 760 1435 816 in
1452 761 1620 818 Novo
1634 759 1871 820 Foedere
1887 762 2157 824 habuisse

46 868 225 926 tradit
262 866 558 935 Christus,
598 861 696 941 qui
720 869 1027 940 propterea
1064 856 1283 929 vetuit,
1322 875 1398 913 ne
1430 854 1720 935 quispiam
1746 874 1818 912 ex
1861 855 2155 939 discipulis

46 963 163 1020 suis
203 969 504 1021 vocaretur
543 958 827 1034 maqister
867 976 880 1010 ε
928 953 1089 1031 Quia
1132 954 1420 1030 maqister
1448 949 1663 1019 vester,
1708 949 1937 1030 inquit,
1993 973 2157 1013 unus

47 1067 130 1115 est
161 1057 428 1114 Christus
453 1051 475 1129 (
501 1049 710 1109 Matth.
741 1050 961 1122 XXIII,
1005 1047 1079 1105 lO
1097 1048 1152 1125 )3
1183 1067 1336 1126 ergo.

132 1150 267 1208 161.
316 1149 489 1228 Resp.
546 1146 609 1203 1ο
646 1145 798 1224 Neq.
840 1154 1030 1202 antec.
1081 1144 1199 1200 Nec
1244 1140 1546 1222 quidpiam
1586 1140 1866 1201 evincunt
1908 1142 2158 1202 adducta

47 1242 410 1313 testimonia,
457 1261 583 1321 quae
626 1238 737 1297 alio
780 1259 955 1297 sensu
996 1259 1226 1319 semper
1268 1236 1559 1295 intellexit
1605 1237 1872 1297 Ecclesia.

133 1339 268 1396 162.
316 1339 493 1417 Resp.
521 1336 590 1392 20
619 1334 766 1412 Neq.
804 1333 1071 1391 anteced.
1108 1332 1194 1392 Ad
1219 1342 1468 1413 quatuor
1494 1331 1716 1412 priores
1743 1331 2115 1412 probationes
2140 1377 2157 1405 ‚

52 1434 209 1492 Dist.
234 1433 303 1490 Et
328 1430 498 1490 allata
516 1429 851 1513 testimonia
875 1427 1178 1508 speciatim
1206 1426 1463 1485 tendunt
1487 1425 1564 1484 ad
1593 1426 2022 1486 excludendum
2046 1451 2164 1510 sys-

52 1540 205 1587 tema
244 1527 476 1607 spiritus
510 1523 762 1605 privati,
798 1541 1005 1589 conc.,·
1047 1521 1123 1579 ad
1162 1520 1311 1579 illud
1347 1520 1887 1596 cohonestandum,
1929 1523 2049 1584 sive
2088 1524 2164 1582 ad

52 1619 471 1681 excludendam
515 1616 776 1678 Ecclesiae
818 1616 1222 1675 auctoritatem
1251 1661 1268 1690 ,
1315 1639 1447 1695 neq.
1497 1617 1726 1676 Etenim
1769 1617 1928 1675 allati
1971 1630 2165 1678 textus

52 1716 274 1775 inducti
316 1725 455 1772 sunt
498 1713 572 1772 ad
614 1711 1057 1795 praemonendos
1100 1711 1335 1785 fideleS,
1383 1722 1451 1770 ut
1494 1723 1738 1771 caveant
1763 1734 1793 1770 a
1823 1714 2063 1794 privatis
2108 1725 2170 1774 et

51 1810 328 1892 suspectis
374 1808 702 1867 doctoribus
725 1853 740 1881 ,
786 1809 918 1889 qui,
962 1829 1096 1866 cum
1141 1806 1399 1888 Apostoli
1443 1806 1633 1865 adhuc
1661 1808 1723 1865 in
1754 1808 1902 1867 vivis
1929 1819 2122 1867 essent
2147 1854 2164 1880 ,

48 1909 173 1983 jam
188 1914 485 1985 coeperant
507 1901 757 1961 bacillac
772 1901 1148 1961 disseminare
1166 1901 1305 1959 falsa
1323 1902 1595 1984 dogmata
1616 1947 1632 1976 ,
1660 1923 1725 1960 ac
1749 1924 1959 1983 puram
1984 1903 2173 1984 Apos-

60 1999 311 2058 tolorum
345 1998 668 2057 doctrinam
705 2019 1094 2079 corrumpere.
1144 1999 1512 2078 Quapropter
1545 1997 1689 2078 ipsi,
1742 2007 1946 2078 utpote
1971 1997 2171 2076 vigiles

58 2106 316 2175 pastores
337 2139 352 2169 ,
389 2115 617 2173 gregem
636 2092 742 2151 sibi
766 2094 1138 2153 commissum
1161 2104 1447 2173 perpetuo
1470 2101 1716 2150 monent
1740 2091 1812 2150 de
1832 2092 2169 2152 imminenti

63 2188 351 2270 pericuIO,
397 2210 461 2247 ac
505 2189 577 2247 de
608 2189 960 2247 necessitate
1002 2186 1362 2268 obsequendi
1404 2187 1674 2266 legitimoe
1717 2187 2077 2259 auctoritati,
2123 2187 2171 2245 si

60 2286 351 2342 immunes
396 2282 469 2342 ab
516 2304 754 2343 erronea
799 2282 1058 2341 doctrina
1090 2293 1150 2341 et
1181 2282 1517 2341 seductione
1560 2303 1683 2341 esse
1726 2280 1931 2341 velint.
1961 2279 2174 2361 Subdit

59 2381 217 2438 enim
244 2380 398 2439 inter
441 2390 660 2439 ceteros
695 2381 1045 2438 Baloannes
1091 2400 1104 2437 :
1149 2378 1298 2437 Hoec
1339 2381 1561 2456 scripsi
1599 2378 1761 2435 vobis
1803 2378 1873 2435 de
1914 2380 2026 2445 iia,
2068 2383 2183 2456 qui

61 2476 353 2533 seducunt
375 2495 469 2533 vos
490 2473 555 2553 (Ι
583 2475 753 2532 Joan.
787 2475 874 2547 11,
907 2474 986 2531 26
1006 2474 1049 2552 ).
1086 2473 1360 2554 Apposite
1396 2471 1807 2545 BellarminuS,
1847 2471 1947 2530 lib.
1982 2471 2018 2529 3
2041 2515 2057 2546 ,
2084 2473 2174 2531 De

61 2570 232 2628 verbo
276 2571 420 2643 Dei,
465 2590 589 2650 cap.
633 2570 746 2643 10,
792 2568 866 2626 ad
892 2579 1305 2647 argumentum
1338 2568 1450 2640 12,
1495 2567 1650 2625 inter
1692 2578 1882 2626 cetera
1927 2565 2105 2625 habet
2146 2587 2162 2623 ε

70 2664 195 2742 Quo
220 2665 386 2722 modo
408 2665 470 2722 S.
488 2665 754 2723 Ioannes
774 2664 896 2720 lzoec
923 2664 1165 2730 scribit,
1187 2682 1247 2719 eo
1277 2662 1614 2720 Catholicus
1641 2663 1866 2739 aliquis
1889 2662 2175 2718 scriberet

73 2757 414 2827 (chtholicis’,
459 2761 570 2836 qui
605 2759 683 2815 ab
732 2758 1023 2814 haereticis
1060 2757 1472 2815 obsiderentur
1506 2765 1562 2812 et
1595 2756 2113 2833 perturbarentur
2153 2774 2169 2812 τ

68 2851 208 2911 Νοη
241 2873 460 2912 ‘necesse
491 2852 747 2920 habetis,
783 2861 853 2908 ut
887 2854 1111 2929 aliquis
1143 2850 1527 2907 Lutberanus
1565 2851 1654 2907 vel
1692 2850 2025 2908 Calvinista
2068 2851 2174 2907 do·

67 2957 197 3004 ceat
220 2967 314 3005 vos
341 2948 678 3004 doctrinam
713 2945 941 3005 Christi
953 2965 974 3013 ‚·
1007 2949 1250 3003 omniuo
1285 2949 1446 3002 euim
1479 2965 1614 3023 quoe
1645 2965 1740 3002 vos
1764 2949 1915 3003 scire
1954 2955 2178 3024 oportet

53 3045 198 3118 jam
235 3042 535 3099 didicistis
574 3051 628 3098 et
668 3043 871 3098 tenetis
913 3061 985 3098 ea·
1017 3026 1448 3119 praedicatione
1483 3039 1764 3098 Ecclesiae
1783 3082 1805 3110 ,
1852 3041 2181 3117 adjuvaute

74 3139 351 3193 unctione
393 3136 659 3213 Spiritus
700 3136 931 3194 Sancti.

162 3228 300 3287 163.
349 3228 435 3287 Ad
472 3229 554 3286 5m
590 3228 996 3311 probationem
1021 3275 1036 3304 ,
1078 3233 1239 3289 Dist.
1274 3227 1537 3289 Christus
1581 3231 1642 3288 in
1687 3229 1950 3290 adductis
1990 3228 2183 3291 verbis

74 3345 288 3383 vanam
323 3323 576 3383 excludit
613 3326 866 3384 nominis
899 3325 1137 3406 gloriam
1168 3372 1183 3399 ,
1229 3347 1432 3394 conc.;
1477 3325 1730 3385 excludit
1771 3327 2073 3405 magistros
2108 3324 2182 3382 ab

73 3417 317 3478 Ecclesia
338 3464 353 3492 ,
381 3441 512 3499 neq.
536 3419 803 3501 Alioquin
821 3419 1112 3502 quomodo
1130 3421 1366 3480 dixisset
1386 3422 1425 3479 A
1434 3421 1671 3503 postolis
1688 3443 1701 3480 ε
1720 3422 1780 3480 E
1783 3432 1953 3479 untes
1967 3416 2184 3478 docete?

77 3514 158 3571 Ex
185 3535 251 3573 eo
287 3525 518 3590 autem,
554 3516 710 3596 quod
748 3538 807 3574 se
838 3538 1023 3574 unum
1059 3517 1399 3595 magistrum
1443 3516 1716 3597 praedicet
1754 3537 1875 3573 non
1915 3514 2180 3594 sequitur

77 3607 232 3687 quod
269 3608 538 3669 excludat
575 3608 833 3670 Ecclesiae
871 3612 1288 3691 magisterium.
1332 3612 1677 3693 Opportune
1714 3612 1870 3670 enim*
1914 3608 2185 3669 observat

239 3703 300 3760 T.
352 3706 394 3763 1.
1870 3702 1943 3761 18
