2554 4140
269 91 388 148 244

885 109 952 143 DE
998 106 1147 145 VERA
1194 107 1315 142 REI..
1367 107 1498 145 ADV.
1549 108 1753 149 HETER.

269 256 326 313 S.
349 256 551 312 Petrus
568 269 770 308 veram
787 250 1043 308 exercuit
1049 248 1513 326 jurisdictionem
1529 252 1590 308 in
1609 251 1919 311 Ecclesiam
1932 255 2263 315 universam
2277 257 2390 338 (l),

265 358 441 431 prout
482 346 702 428 pariter
729 356 1116 404 exercuerunt
1142 346 1323 426 ipsius
1355 367 1726 406 successores,
1760 347 2005 407 Ecclesia
2043 360 2131 408 est
2166 352 2227 408 in
2262 375 2391 434 pos-

269 443 525 502 sessione
553 461 692 514 sua,
741 461 773 498 a
820 461 933 521 qua
979 441 1166 522 ipsam
1212 462 1404 522 neque
1450 442 1741 517 haeretici„
1787 464 1979 525 neque
2022 445 2393 507 rationalistae

269 559 371 597 seu
422 535 711 608 increduli
755 535 1068 595 exturbare
1111 547 1374 617 possunt.
1424 537 1637 595 Omnia
1682 550 1965 619 praeterea
2011 552 2395 600 monumenta

267 631 653 693 ecclesiastica
686 630 1013 712 explodunt
1048 631 1332 709 ejusmodi
1359 631 1761 693 deliramenta.
1799 631 1862 692 S.
1893 633 2162 694 Clemens
2194 637 2399 696 Roma-

266 749 378 786 nus
412 716 614 787 veram
647 727 903 787 exercuit
925 727 1334 785 auctoritatem
1371 728 1432 786 in
1471 728 1909 788 Corinthiorum
1947 730 2255 791 Ecclesiam
2282 732 2395 811 (2),

267 825 526 883 exercuit
566 824 761 882 Victor
810 822 1090 883 adversus
1132 821 1716 902 quartodecimanOS,
1758 827 2089 908 Stephanus
2121 827 2399 889 adversus

266 919 699 998 rebaptizantes
728 918 838 999 (3).
872 919 930 976 S.
971 921 1222 976 Irenaeus
1252 929 1310 977 et
1345 919 1564 979 asiatici
1592 924 1921 1005 Episcopati
1950 924 2103 982 hanc
2134 925 2400 1006 superio-

264 1016 501 1074 ritatem
533 1013 798 1073 Ecclesiae
833 1032 1119 1088 romanae‚
1161 1033 1262 1071 seu
1295 1015 1544 1072 Romani
1579 1018 1861 1095 pontificis
1882 1063 1897 1092 a
1932 1030 1993 1076 et
2029 1030 2399 1099 agnoverunt

267 1121 326 1168 et
368 1110 561 1168 testati
598 1118 737 1166 sunt
777 1106 903 1184 (4).
937 1118 1004 1165 ut
1043 1107 1193 1165 nihil
1227 1107 1416 1168 dicam
1455 1109 1528 1168 de
1569 1108 2059 1192 subsequentibus
2099 1115 2399 1173 Pontifici-

269 1205 402 1263 bus,
438 1203 913 1286 AppellationeS‚
965 1224 1093 1285 quae
1124 1203 1389 1285 undique
1425 1205 1957 1287 interponebantur
1993 1207 2068 1266 ad
2095 1231 2401 1269 romanam

326 1482 404 1547 (l)
444 1479 547 1530 Act.
578 1494 630 1528 tx
651 1518 664 1541 ‚
690 1479 849 1528 Petrus
865 1485 1024 1543 utpote
1050 1480 1189 1525 totius
1206 1477 1299 1525 Ec-

267 1567 414 1615 clesiae
459 1573 597 1629 caput
655 1562 926 1628 perhibetur
984 1562 1296 1625 pertransiens

265 1650 518 1697 universos
537 1682 551 1705 ,
581 1646 631 1693 id
654 1656 752 1703 est,
790 1661 889 1691 non
929 1643 1068 1690 modo
1100 1644 1325 1690 visitans*

266 1747 427 1779 omnes
442 1728 666 1777 Ecclesias
681 1737 793 1775 tunc
810 1727 1028 1791 temporis
1046 1725 1292 1781 fundatas,

265 1813 549 1876 sedinsuper
568 1813 618 1857 in
634 1810 720 1874 Ep.
751 1826 804 1868 n,
828 1826 929 1873 cap.
949 1825 1002 1857 ιιι
1022 1843 1035 1870 ,
1075 1804 1157 1866 15,
1194 1803 1253 1853 16
1274 1841 1292 1867 ,

266 1894 527 1961 approbans
544 1903 592 1941 et
609 1891 945 1940 commendans
964 1892 1129 1954 scripta
1150 1891 1297 1953 Apos-

264 1979 352 2026 toli
376 1977 527 2025 Pauli.
558 1976 613 2023 In
645 1975 859 2023 Concilio
883 1974 1295 2021 Hierosolimitano

265 2061 404 2124 (Act.
445 2078 521 2119 xv,
559 2059 615 2125 7)
637 2060 853 2107 omnium
884 2060 1062 2122 primus
1107 2065 1291 2104 sentcn-

264 2145 379 2191 tiam
412 2142 528 2190 dixit
568 2143 688 2188 circa
721 2150 925 2189 exortam
973 2141 1294 2205 quaestionem.

263 2225 391 2273 ibid.
441 2241 484 2282 i,
541 2219 598 2270 15
621 2258 635 2279 ,
675 2225 770 2287 ipse
805 2223 1042 2287 proposuit
1073 2221 1293 2269 fratribus

267 2306 408 2355 simul
437 2307 717 2369 congregatis
739 2340 753 2363 ‚
788 2313 839 2351 ut
866 2304 984 2351 alter
1005 2302 1292 2350 sufficeretur

267 2389 490 2439 inlocum
506 2387 534 2437 J
538 2385 643 2435 udae
659 2387 1017 2451 praevaricatoris
1033 2423 1046 2441 ,
1067 2401 1172 2450 quae
1197 2387 1295 2450 qui·

265 2473 373 2521 dem
398 2472 556 2519 omnia
575 2470 766 2518 totidem
795 2478 925 2517 actus
944 2477 1052 2515 sunt
1077 2468 1295 2533 jurisdic-

269 2556 410 2604 tionis
429 2590 442 2613 ‚
474 2569 617 2618 quam
639 2554 744 2618 jure
770 2554 1002 2616 primatus
1029 2552 1100 2598 sui
1135 2549 1294 2598 Petrus

269 2636 513 2702 Apostolus
533 2636 754 2683 exercuit.

338 2719 406 2787 (Ξ)
430 2719 522 2769 Ubi
540 2719 703 2768 sedulo
720 2717 1184 2766 animadvertendum
1206 2727 1294 2778 est,

270 2801 539 2851 Corinthios
556 2800 613 2848 ad
648 2799 877 2848 sedandas
895 2798 1147 2850 seditiones
1175 2808 1297 2846 ortas

271 2889 324 2935 in
359 2888 546 2952 propria
583 2884 787 2933 Ecclesia
832 2884 890 2932 ad
919 2883 967 2931 S.
1006 2883 1297 2932 Clementem

269 2969 538 3017 Romanum
578 2967 846 3016 Pontificem
895 2967 1155 3032 confugisse
1183 3005 1195 3025 ‚
1247 2976 1299 3015 ut

270 3050 560 3119 probabilius
577 3050 760 3099 videtur
786 3067 839 3098 ex
870 3052 1183 3098 communiori
1208 3051 1299 3097 cri·

269 3134 472 3181 ticorum
503 3132 734 3179 sententia
755 3167 769 3190 ‚
797 3148 906 3178 cum
930 3131 1085 3179 adhuc
1109 3133 1161 3179 in
1186 3132 1301 3179 vivis

273 3223 392 3263 esset
418 3210 470 3260 S.
510 3212 714 3260 Joannes
756 3211 1034 3277 Apostolus,
1072 3215 1153 3279 qui
1188 3223 1302 3260 tunc

271 3293 459 3361 regebat
482 3311 644 3342 omnes
670 3293 786 3342 Asiae
815 3294 1042 3344 Ecclesias
1068 3314 1093 3343 a
1111 3313 1158 3345 se
1186 3295 1296 3344 fun·

273 3379 421 3428 datas.
452 3369 605 3441 Atque
630 3375 741 3424 inde
769 3379 948 3425 eruitur
978 3377 1296 3426 Romanorum

271 3459 556 3508 Pontificum
589 3474 852 3523 supremam
882 3463 1202 3510 auctoritatem
1250 3462 1299 3508 in

274 3541 528 3590 Ecclesiam
545 3542 808 3589 universam
824 3543 1025 3605 agnitam
1042 3540 1138 3607 jam
1158 3543 1299 3591 fuisse

275 3624 537 3674 viventibus
589 3623 817 3689 Apostolis
843 3661 857 3685 ,
904 3634 1046 3690 atque
1083 3624 1141 3675 ab
1189 3627 1300 3690 ipsis

1380 1478 1605 1527 Romanis
1662 1478 1971 1529 Pontificibus
2028 1482 2124 1546 jam
2188 1491 2302 1530 tunc
2353 1484 2403 1530 in

1379 1563 1563 1625 praxim
1600 1561 1870 1611 deductam.

1449 1643 1519 1707 (3)
1559 1643 1677 1693 Nota
1728 1655 1796 1693 est
1850 1647 1994 1711 ipsius
2042 1648 2274 1710 responsio
2322 1663 2403 1695 seu

1379 1726 1617 1775 decretum
1659 1727 1817 1775 datum
1860 1727 2076 1776 adversus
2120 1727 2167 1775 S.
2206 1727 2403 1794 Cypria-

1379 1827 1497 1857 num
1546 1812 1740 1875 ejusque
1801 1810 2032 1876 synodum
2087 1810 2342 1858 africanam
2389 1828 2403 1858 ε

1378 1889 1443 1939 Si
1470 1894 1582 1957 quis
1609 1909 1718 1957 erqo
1749 1909 1780 1940 a
1804 1908 2104 1958 quacumque
2136 1891 2311 1941 haeresi
2324 1909 2402 1940 ve-

1378 1977 1537 2035 nerit,
1560 1973 1692 2022 nihil
1717 1976 1980 2024 innovetur
1997 2013 2011 2036 ,
2042 1976 2150 2023 m'si
2167 1975 2293 2039 quod
2310 1983 2407 2023 tra-

1378 2056 1536 2104 ditum
1569 2065 1637 2104 est
1658 2095 1671 2115 ‚
1714 2066 1767 2104 ut
1797 2074 1973 2105 maanus
2016 2056 2094 2104 illi
2131 2058 2409 2123 imponatur

1378 2140 1434 2186 in
1451 2140 1789 2204 poenitenti-am
1825 2139 1929 2205 (Ep.
1971 2138 2022 2189 S.
2068 2138 2209 2209 Cypr.
2240 2157 2404 2199 mxxiv,

1378 2221 1436 2269 ad
1468 2219 1740 2286 Pompeium
1765 2220 1804 2286 ).

1449 2301 1510 2364 (li)
1550 2301 1662 2352 Vid.
1701 2303 1970 2368 praeclarum
2001 2303 2050 2352 S.
2086 2304 2249 2352 Irenaei
2285 2307 2407 2354 testi-

1378 2390 1592 2435 monium
1630 2387 1844 2451 (Contra
1891 2387 2093 2437 hoereses
2117 2425 2128 2447 ‚
2175 2389 2267 2438 lib.
2308 2401 2361 2437 xii
2387 2428 2399 2450 ‚

1378 2487 1478 2534 cap.
1530 2470 1591 2533 3)
1638 2469 1859 2518 Ecclesiae
1901 2487 2137 2530 romanae,
2200 2471 2258 2520 ab
2307 2474 2406 2536 ipso

1379 2553 1610 2600 maximoe
1657 2562 1823 2600 vocatae
1876 2561 1921 2599 et
1972 2554 2327 2617 antiquissimos
2366 2563 2411 2601 et

1379 2635 1604 2683 omnibus
1620 2636 1842 2699 coquitae,
1865 2652 1895 2682 a
1911 2634 2275 2699 yloriosissimis
2294 2636 2407 2685 duo-

1379 2717 1468 2765 bus
1494 2716 1718 2782 apostolis
1746 2717 1891 2765 Petro
1919 2726 1964 2764 et
1981 2716 2143 2766 Paulo
2162 2717 2407 2783 sundatoe,

1381 2811 1543 2848 etc....
1569 2800 1617 2849 A
1625 2799 1657 2846 d
1675 2799 1801 2847 hanc
1824 2799 2072 2847 ecclesiam
2093 2836 2106 2861 ‚
2138 2803 2231 2860 ait,
2252 2818 2407 2866 prop-

1381 2890 1452 2930 ter
1488 2885 1793 2948 potentiorem
1827 2881 2274 2948 principalitatem,
2324 2900 2410 2931 ne-

1382 2982 1506 3013 cesse
1534 2973 1602 3012 est
1620 2980 1808 3012 omnem
1833 2966 2088 3012 convenire
2114 2962 2406 3026 Ecclesiam,

1348 3091 1351 3093 ,
1384 3048 1473 3095 hoc
1498 3055 1567 3095 est
1581 3083 1597 3108 ‚
1622 3056 1697 3095 eos
1722 3048 1810 3111 qui
1840 3055 1956 3094 sunt
1980 3046 2373 3112 undiquefideles
2394 3084 2407 3108 ,

1382 3133 1439 3178 in
1467 3147 1562 3196 qua
1601 3145 1785 3195 semper
1811 3129 1871 3177 ab
1903 3131 2012 3188 his,
2040 3132 2129 3195 qui
2163 3139 2277 3178 sunt
2317 3146 2413 3178 un·

1383 3213 1525 3277 dique
1543 3250 1555 3272 ,
1606 3220 1882 3278 conservata
1916 3222 1984 3261 est
2012 3250 2026 3273 ,
2076 3230 2183 3277 quoe
2238 3221 2307 3261 est
2349 3212 2410 3260 ab

1380 3294 1601 3361 apostolis
1625 3294 1841 3343 traditio.
1874 3295 1963 3360 Qui
1996 3295 2163 3344 deinde
2187 3295 2326 3344 refert
2352 3293 2408 3342 de

1382 3377 1620 3425 Clemente
1642 3414 1654 3435 ,
1671 3379 1804 3424 tertio
1822 3378 1881 3425 ab
1903 3377 2130 3442 Apostolis
2144 3377 2372 3442 Episcopo
2391 3392 2405 3422 ε

1380 3458 1454 3525 Et.
1489 3457 1614 3505 vidit
1656 3459 1785 3523 ipsos
1822 3459 2072 3525 Apostolos
2091 3496 2104 3519 ,
2136 3467 2181 3505 et
2206 3455 2409 3504 contulit

1381 3557 1491 3589 cum
1523 3542 1656 3589 eis...
1695 3538 1799 3591 Sub
1825 3542 1910 3590 hoc
1944 3544 2100 3607 ἐρίων
2127 3539 2364 3587 Clemente
2386 3577 2399 3598 ‚

1382 3623 1684 3674 dissensione
1712 3641 1814 3675 non
1835 3624 2024 3674 modica
2055 3625 2181 3672 inter
2197 3638 2273 3671 eos
2292 3658 2305 3685 ‚
2319 3622 2408 3686 qui
