2554 4140
2084 149 2195 208 107

441 180 562 217 ΟΑΡ.
610 179 688 220 lv.
737 180 804 215 DE
849 179 1029 217 Exlsr.
1078 177 1197 219 mv.
1247 179 1317 216 AC
1359 177 1662 216 SUPERNAT.
1712 175 1841 212 REV.

90 322 150 379 in
199 319 440 378 dubium
482 332 748 380 revocata
794 320 997 390 fuisse,
1044 316 1188 377 adeo
1225 330 1292 376 ut
1330 319 1644 399 apologetae
1683 338 1886 378 eorum
1926 314 2198 377 veritatis

92 413 367 477 vindicias
392 437 696 497 nunquam
724 414 1012 494 suscipere
1035 410 1366 470 debuerint.
1391 411 1458 469 3⁰
1481 413 1887 472 Acerbissimos
1904 409 2204 471 christiani

90 512 344 568 nominis
380 510 607 584 hosteS‚
652 509 915 579 Celsum,
961 505 1349 586 Porphyrium
1373 549 1390 577 ‚
1430 506 1757 564 Hieroclem
1801 518 1977 588 atque
2015 503 2203 563 Julia-

91 628 234 663 num
270 604 369 664 illa
398 617 463 664 ut
499 616 652 664 certa
688 622 1049 684 supponere,
1086 600 1221 659 licet
1251 600 1482 678 magicae
1525 600 1636 657 arti
1665 621 1733 659 ea
1771 612 1829 659 et
1859 602 1969 682 ipsi
1997 600 2205 659 adscri-

90 699 258 775 bant,
273 712 339 759 ut
355 699 548 761 videre
561 709 649 758 est
661 697 818 778 apud
834 695 1186 755 Huetiumin
1204 696 1726 754 Demonstratione
1739 698 2076 773 evanqelz'ca
2093 695 2203 775 (l).

899 912 1379 955 DIFFICULTATES.

452 1082 754 1141 Adversus
802 1080 1032 1139 Christi
1068 1080 1376 1138 miracula
1418 1089 1474 1137 et
1512 1082 1831 1137 vaticinia.

172 1300 314 1359 252.
375 1297 505 1376 Obj.
561 1297 750 1379 prima
799 1295 1076 1357 adversus
1125 1297 1419 1356 miracula.
1470 1297 1532 1354 1ο
1575 1296 1818 1356 Nullum
1871 1308 2062 1380 potest
2113 1320 2214 1358 ar-

96 1406 441 1475 gumentum
485 1415 556 1452 ex
599 1391 812 1452 Christi
858 1391 1149 1450 miraculis
1191 1391 1314 1451 erui
1339 1436 1354 1465 ,
1422 1393 1468 1451 si
1520 1413 1587 1451 ea
1629 1403 1894 1473 suspecto
1942 1394 2212 1453 nitantur

102 1489 467 1561 testimoni03
513 1486 629 1546 tale
671 1497 867 1546 autem
911 1507 1034 1545 esse
1090 1487 1489 1546 testimonium
1543 1487 1987 1568 Apostolorum,
2042 1488 2213 1570 plura

100 1584 526 1645 demonstrant.
568 1584 636 1640 2⁰
682 1584 911 1642 Etenim
960 1581 1280 1664 ApostoliS‚
1324 1584 1424 1665 qui
1462 1591 1527 1642 ea
1566 1584 1864 1659 referunt,
1915 1584 2057 1645 utile
2104 1586 2213 1644 fuit

96 1679 498 1752 mendacium3
551 1677 617 1736 30
663 1679 989 1760 praesertim
1031 1699 1164 1737 cum
1218 1690 1457 1759 possent
1490 1679 1702 1738 exinde
1751 1680 2052 1760 ingentem
2101 1680 2213 1740 sibi

96 1774 335 1854 gloriam
363 1795 696 1856 comparare
734 1774 828 1834 vel
857 1773 1063 1833 saltem
1100 1795 1351 1856 sperare.
1396 1762 1463 1831 [εὖ
1498 1773 1729 1832 Falsum
1758 1787 2040 1856 praeterea
2075 1787 2165 1835 est
2191 1821 2208 1851 ‚

99 2057 149 2087 n.
177 2037 206 2086 3
224 2076 236 2098 ‚
268 2039 361 2087 edit
392 2038 697 2102 Havercamp.
715 2036 863 2085 Valde
881 2037 1104 2100 agitatum

100 2138 195 2170 esse
237 2122 294 2168 ab
325 2121 511 2169 eruditis
543 2121 632 2168 hoc
662 2120 977 2168 testimonium
1010 2134 1106 2164 nou

98 2205 378 2266 ignoramus·
421 2200 635 2249 Pluribus
678 2203 803 2249 enim
843 2209 1106 2264 suspectum

100 2294 202 2345 est3
238 2301 397 2332 eorum
446 2293 714 2348 argumenta
760 2280 918 2330 retulit
956 2281 1103 2328 Andr.

99 2366 257 2413 Rosius
295 2367 346 2413 in
373 2363 733 2412 Exercitatione
763 2363 986 2412 historico
1013 2363 1108 2410 cri-

99 2448 196 2494 tica
232 2449 289 2494 in
328 2446 607 2512 periocham
641 2445 842 2511 Josephi
886 2445 942 2492 de
985 2443 1109 2492 Jesu

104 2527 354 2576 ChristoAE
370 2539 525 2576 contra
539 2527 714 2576 Natalis
733 2527 1105 2590 Alex.,Huetius‚

102 2608 310 2658 Valesius
334 2647 347 2670 ,
370 2610 531 2676 Pagius
548 2647 563 2666 ,
580 2610 757 2659 Caveus
778 2610 950 2672 aliique
972 2611 1110 2674 primi

101 2691 303 2740 subsellii
333 2695 476 2741 critici
507 2710 609 2740 eam
650 2694 869 2740 acerrime
899 2700 1108 2746 tuentur.

100 2771 573 2823 Animadvertendum
602 2791 735 2839 porro
756 2783 855 2832 est,
886 2789 973 2821 nec
1004 2782 1112 2821 aute

103 2853 354 2903 Eusebium
369 2871 396 2902 a
412 2858 628 2921 quopiam
652 2872 860 2920 unquam
881 2854 1111 2918 prolatum

104 2934 231 2983 hunc
253 2936 408 2984 locum
428 2973 441 2995 ‚
460 2954 547 2985 nec
573 2947 674 3002 post
690 2935 943 2984 Eusebium
967 2948 1117 3000 usque

107 3016 165 3062 ad
203 3015 531 3082 Tanaquillum
553 3020 567 3081 (
588 3036 667 3066 seu
695 3021 848 3083 potius
882 3019 1112 3081 Fabrum)

109 3097 273 3144 saeculo
299 3113 378 3146 xv1
408 3100 458 3146 iu
482 3099 677 3147 dubium
704 3110 969 3149 revocatum
993 3138 1007 3161 ‚
1036 3102 1115 3151 sed

110 3184 155 3225 et
184 3196 208 3225 a
240 3178 402 3228 Photio
423 3183 474 3228 in
489 3185 751 3230 recensione
776 3184 1117 3249 Antiquitatum

110 3261 287 3322 omitti;
319 3264 456 3310 nimis
489 3263 634 3311 videri
653 3265 875 3313 disertum
906 3268 1116 3315 testimo·

114 3343 246 3390 nium
284 3342 471 3408 Josephi
515 3345 572 3393 de
608 3345 823 3407 Christo,
864 3347 1120 3397 luculenter

114 3426 256 3471 nimis
327 3435 476 3473 vetera
543 3427 868 3492 prophetarum
935 3429 1122 3480 oracula

115 3504 298 3554 Christo
325 3507 669 3557 accommodare
690 3546 704 3568 ‚
745 3509 896 3558 alieno
922 3510 1022 3559 loco
1046 3514 1121 3559 in-

115 3596 278 3635 sertam
306 3588 425 3635 hanc
467 3588 719 3638 clausulam
750 3592 909 3640 videri.
950 3591 1123 3641 Contra

118 3684 222 3716 vero
233 3702 251 3729 ‚
282 3666 575 3729 hacksublata
591 3705 606 3731 ‚
624 3669 809 3736 Josephi
829 3672 968 3723 fidem
988 3708 1002 3737 ,
1025 3674 1122 3722 his-

1191 2037 1412 2099 toriaeque
1441 2036 1748 2098 integritatem
1787 2033 2070 2095 desiderari,
2104 2052 2213 2084 cum

1190 2115 1357 2164 nullibi
1379 2114 1488 2164 Jesu
1515 2118 1689 2163 mentio
1703 2116 1819 2165 facta
1843 2119 1904 2164 sit
1923 2153 1936 2175 ‚
1957 2119 2214 2182 praesertim

1189 2216 1297 2247 cum
1323 2197 1520 2262 loquens
1554 2198 1611 2246 de
1638 2196 1815 2246 Jacobo
1836 2235 1848 2256 ‚
1876 2216 1982 2247 eum
2007 2199 2213 2264 fratrem

1193 2280 1377 2328 Christi
1412 2287 1560 2329 vocet.
1608 2279 1758 2345 Quare
1789 2280 2131 2346 Wagenseilius
2163 2283 2214 2330 iu

1190 2362 1327 2411 Dera
1347 2361 1577 2410 librorum
1586 2360 1892 2428 juvenilium
1913 2398 1926 2422 ‚
1954 2379 2057 2427 pag.
2100 2361 2212 2430 189,

1192 2444 1375 2508 Ittigius
1387 2448 1436 2493 in
1450 2440 1717 2509 Prole-qud
1731 2443 1940 2509 Ioseph„
1958 2445 2021 2494 Le
2042 2445 2216 2511 Moyne

1190 2529 1241 2575 in
1265 2525 1438 2580 Variis
1461 2529 1615 2574 sacris
1633 2564 1647 2589 ‚
1677 2545 1782 2592 pag.
1813 2528 1906 2592 931
1932 2563 1949 2589 ,
1974 2528 2214 2576 Fabricius

1192 2609 1323 2657 Bibl.
1350 2626 1515 2673 yram„
1541 2610 1628 2658 lib.
1654 2626 1700 2657 v1
1719 2647 1732 2667 ,
1758 2627 1860 2658 earn
1879 2628 1973 2657 non
1990 2614 2216 2671 intrusam

1180 2691 1274 2740 ‘sed
1295 2693 1616 2757 interpolatam
1644 2692 1784 2740 fuisse
1813 2695 1899 2741 rati
1920 2702 2046 2740 suut.
2068 2691 2218 2756 Quid-

1193 2773 1307 2839 quid
1323 2776 1380 2821 sit
1399 2811 1412 2832 ‚
1439 2783 1519 2821 aut
1544 2776 1860 2821 testimouium
1898 2773 2086 2839 Josephi
2104 2776 2218 2823 reci-

1194 2858 1345 2921 pitur,
1386 2866 1465 2903 aut
1507 2857 1731 2921 rejicitur.
1770 2854 1818 2902 Si
1870 2858 2090 2920 recipitur
2114 2893 2127 2916 ‚
2167 2867 2219 2905 ut

1195 2938 1351 2985 omnia
1369 2936 1562 2984 suadent
1580 2973 1593 2995 ‚
1610 2938 1744 2984 nobis
1760 2938 1899 2986 favet.
1919 2936 1967 2985 Si
1983 2940 2209 3003 rejicitur,

1195 3036 1379 3066 rursum
1410 3018 1546 3065 nobis
1578 3018 1731 3076 favet,
1764 3037 1871 3067 cum
1898 3019 1987 3068 alia
2014 3030 2107 3068 tam
2136 3020 2218 3068 alti

1194 3101 1367 3149 silentii
1381 3100 1495 3149 ratio
1511 3104 1741 3164 assignare
1757 3119 1852 3149 non
1877 3105 2015 3166 possit
2034 3139 2047 3162 ‚
2070 3119 2213 3167 quam

1196 3186 1349 3248 ipsum
1406 3184 1608 3232 noluisse
1671 3182 1942 3230 Christianis
1990 3186 2220 3249 suppetias

1198 3268 1318 3315 serre
1336 3303 1349 3326 ,
1379 3283 1467 3315 nec
1500 3266 1676 3331 aliquid
1706 3265 1922 3313 habuisse
1941 3301 1958 3327 ,
1991 3283 2084 3331 quo
2104 3283 2224 3330 prae-

1200 3347 1320 3395 clara
1351 3346 1518 3395 Christi
1556 3357 1685 3412 gesta
1707 3350 1923 3412 potuisset
1951 3347 2215 3395 obscurare·

1201 3427 1344 3476 Cous.
1387 3428 1525 3477 Diss.
1566 3429 1871 3496 Havercamp.
1903 3430 1988 3479 sub
2027 3430 2167 3478 finem
2182 3444 2221 3475 11

1204 3511 1297 3558 vol.
1335 3527 1443 3575 opp.
1470 3510 1566 3560 Jos.
1597 3512 1725 3561 Flav.

1274 3593 1340 3655 (1)
1368 3587 1515 3658 Prop.
1538 3608 1602 3643 ix.
