2554 4140
305 89 421 149 170
962 107 1030 143 m:
1072 107 1220 145 vana
1265 108 1387 145 nm.
1435 106 1572 149 Anv.
1613 110 1766 150 inca.

303 248 737 334 propagationis
771 247 1065 329 religionis
1100 249 1431 311 christianae
1466 250 1616 310 nihil
1644 250 1824 312 habet
1854 257 2298 336 supernaturale
2330 269 2433 317 aut

214 377 217 381 ·
304 344 522 417 ἀίνίηἰς
556 344 618 403 in
661 343 835 403 insito
867 344 1156 427 siquidem
1194 346 1439 406 humani
1474 346 1665 407 cordis
1705 349 1985 410 novitatis
2028 372 2226 412 amore
2265 364 2325 413 et
2369 354 2430 412 in

304 438 576 521 exemplo
613 440 950 522 Principum
983 441 1234 501 habetur
1274 444 1424 502 ratio
1458 443 1748 502 sufficiens
1780 446 2210 527 propagationis
2238 453 2432 527 cujus—

300 557 537 617 cunque
565 534 882 616 religionis7
921 537 1167 620 ideoque
1196 551 1255 599 et
1291 539 1619 599 christianae
1649 539 1756 619 (l).
1931 606 1934 610 ¹

387 633 527 691 389.
572 633 742 714 Resp.
775 635 933 693 Dist.
972 655 1130 693 cons,
1166 634 1441 694 Celeritas
1458 657 1577 715 per
1596 657 1653 693 se
1669 680 1689 707 ,
1727 646 1836 695 etc.
1864 657 2054 713 conc.‚·
2079 658 2217 695 cum
2245 641 2440 695 omni·

305 730 417 789 hus
434 733 559 788 suis
574 727 861 806 adjunctis
880 774 895 796 7
921 751 1052 810 neq.
1079 731 1146 787 In
1161 728 1272 788 hoc
1289 731 1447 789 enim
1462 731 1697 811 praecise
1713 743 1904 790 totum
1920 732 2188 792 consistit
2214 752 2438 814 propo-

304 825 398 885 siti
420 825 748 904 argumenti
767 823 948 884 robur
964 871 981 898 7
1010 847 1131 885 non
1151 836 1346 884 autem
1368 826 1428 883 in
1451 827 1737 886 materiali
1759 873 1773 902 7
1800 829 1965 909 utita
1984 827 2196 901 dicam7
2221 849 2438 909 propa-

304 923 596 1002 gationem
615 921 676 980 in
693 943 753 982 se
769 931 1048 1002 spectata.
1071 921 1219 979 Hinc
1240 942 1368 1000 neq.
1392 921 1723 1002 paritatem.
1744 923 1900 996 Quid
1918 924 2131 981 mirum
2155 925 2438 1005 sipagana

308 1018 643 1099 superstitio
670 1028 791 1074 tam
817 1016 935 1075 late
962 1027 1279 1097 propagata
1311 1016 1385 1073 sit
1405 1061 1422 1090 7
1461 1018 1663 1075 innixa
1687 1018 2103 1100 cupiditatibus
2130 1041 2194 1078 ac
2221 1020 2439 1078 vitiatae

306 1111 797 1195 propensionibus
837 1123 1063 1171 naturae
1089 1157 1105 1187 7
1153 1123 1212 1170 et
1259 1110 1434 1170 simul
1471 1111 1617 1170 freta
1648 1115 2025 1187 auctoritate7
2074 1115 2336 1196 potentia
2374 1135 2439 1173 ac

303 1208 528 1289 legibus
554 1206 929 1290 Principum?
952 1209 1010 1266 Si
1029 1219 1230 1267 tamen
1255 1207 1631 1288 paganismus
1647 1228 1761 1266 una
1785 1208 1985 1288 religio
2008 1209 2287 1269 dicendus
2310 1221 2397 1269 est
2420 1255 2435 1285 7

306 1316 367 1364 et
390 1327 511 1363 non
550 1305 741 1386 potius
775 1327 962 1363 unum
990 1326 1229 1365 nomen.
1264 1304 1354 1363 Sic
1384 1303 1533 1362 nihil
1555 1304 1771 1362 mirum
1801 1316 1922 1374 est7
1964 1305 2010 1382 si
2050 1304 2401 1365 Islamismus
2421 1352 2437 1382 7

306 1412 512 1484 utpote
550 1412 702 1460 secta
742 1400 1157 1484 cupiditatibus
1203 1399 1512 1460 blandiens
1553 1422 1618 1460 ac
1649 1401 2067 1484 praeconceptis
2112 1423 2323 1481 magna
2371 1422 2440 1462 ex

308 1509 476 1581 parte
512 1496 883 1579 opinionibus
904 1543 919 1571 7
959 1500 1115 1556 inter
1147 1519 1308 1556 arma
1351 1508 1409 1555 et
1436 1496 1648 1572 caedes7
1693 1508 1815 1556 tam
1854 1497 2120 1556 celeriter
2154 1497 2401 1557 creverit
2422 1542 2438 1572 7

308 1595 638 1675 pracsertim
654 1615 785 1652 cum
808 1592 882 1652 ob
899 1593 1206 1652 diuturnas
1233 1592 1555 1653 simultates
1577 1605 1636 1653 et
1658 1592 1811 1653 bella
1834 1639 1849 1669 7
1881 1593 1956 1652 ad
1978 1594 2441 1653 internecionem

309 1711 463 1771 pene
490 1711 676 1771 usque
705 1700 996 1771 pertracta
1020 1736 1035 1763 7
1062 1690 1216 1749 inter
1244 1691 1536 1748 Romanos
1564 1689 1637 1748 ad
1667 1692 1861 1749 Persas
1879 1690 2181 1772 utriusque
2206 1689 2441 1771 Imperii

309 1786 466 1844 vires
481 1798 844 1867 consumptae
860 1797 1072 1845 essent.
1092 1785 1260 1860 Quod
1277 1784 1518 1845 demum
1536 1787 1748 1844 attinet
1763 1785 1837 1844 ad
1854 1787 2401 1844 protestantismum
2422 1832 2437 1861 7

311 1903 488 1942 nemo
541 1894 666 1957 est7
718 1883 818 1965 qui
853 1885 1122 1963 ignoret7
1173 1883 1398 1941 animos
1437 1885 1560 1961 jam
1599 1888 1630 1941 a
1673 1883 1848 1963 longo
1886 1894 2151 1964 tempore
2198 1882 2443 1943 diversis

313 1979 796 2039 concurrentibus
823 1980 1004 2038 causis
1033 1979 1109 2038 ad
1141 1977 1302 2038 illam
1327 1979 1775 2038 innovationem
1798 1978 1971 2037 fuisse
2002 1977 2184 2037 veluti
2207 1998 2443 2060 praepa-

313 2085 469 2133 ratos
500 2087 678 2156 atque
708 2075 1037 2157 dispositos
1082 2075 1375 2155 Agebatur
1409 2086 1688 2157 praeterea
1728 2074 1801 2134 de
1832 2075 2277 2150 reformatione,
2314 2095 2441 2155 quae

315 2169 393 2230 ad
422 2176 703 2249 majorem
729 2172 791 2230 in
818 2170 1077 2230 moribus
1096 2193 1159 2230 ac
1174 2171 1477 2254 disciplina
1501 2171 1797 2231 licentiam
1821 2170 2088 2229 homines
2116 2169 2403 2229 alliciebat
2424 2215 2439 2245 7

316 2289 447 2349 quae
491 2268 696 2337 furtis7
752 2266 1127 2349 expoliationi
1175 2267 1467 2327 bonorum
1510 2266 2022 2326 ecclesiasticorum
2052 2311 2067 2339 7
2125 2264 2337 2347 quibus
2382 2277 2441 2325 et

314 2363 607 2446 principes
661 2376 720 2423 et
773 2364 987 2445 privati
1030 2385 1151 2422 non
1206 2364 1374 2445 pauci
1417 2361 1724 2421 inhiabant
1744 2409 1759 2437 7
1822 2362 2049 2420 aditum
2109 2360 2440 2442 aperiebat,

317 2480 612 2541 quamque
646 2459 878 2542 politica
908 2460 1204 2518 rationum
1227 2471 1524 2518 momenta
1550 2457 1979 2541 promovebant
2002 2458 2119 2538 (2).
2156 2456 2317 2516 Addo
2348 2458 2442 2515 in-

317 2577 457 2637 gens
493 2576 617 2616 esse
657 2556 971 2615 discrimen
995 2555 1151 2616 inter
1174 2555 1668 2616 introductionem
1702 2577 1872 2615 novae
1898 2553 2190 2634 religionis
2211 2598 2226 2629 7
2260 2552 2443 2614 veteri

391 2775 455 2840 (1)
493 2775 570 2824 Sic
597 2779 735 2825 etiam
770 2787 871 2842 post
909 2776 1023 2825 alios
1060 2774 1231 2824 multos
1264 2777 1335 2823 in·
1491 2775 1556 2837 (Ξ)
1586 2775 1723 2823 Cons.
1751 2775 1942 2823 Bossuet
1956 2812 1973 2834 ,
2011 2771 2147 2820 Hist.
2174 2770 2254 2819 des
2278 2772 2443 2819 varia·

321 2855 535 2908 credulos
557 2858 885 2924 Wegscheider
914 2859 1004 2907 hac
1027 2858 1085 2907 de
1110 2876 1244 2906 causa
1270 2875 1342 2906 re·
1422 2858 1550 2905 tione
1567 2893 1579 2916 7
1603 2857 1685 2906 liv.
1712 2873 1762 2920 ¹3
1792 2856 1991 2904 Bernino
2013 2891 2026 2917 ‚
2052 2850 2218 2904 Storia
2249 2851 2305 2899 di
2328 2860 2445 2900 tutte

317 2946 420 3013 jicit
448 2955 770 3010 argumentum
798 2962 877 3010 pro
892 2944 1133 2991 divinitate
1159 2940 1341 3007 religio·
1426 2938 1644 2998 Ferme,
1675 2950 1791 2987 tom.
1828 2955 1873 2986 iv
1891 2974 1908 2999 ,
1947 2938 2060 2986 edit.
2102 2936 2246 2984 Rom.
2281 2951 2441 3003 ¹7⁰9?

322 3032 396 3079 nis
426 3030 684 3077 christianae
713 3029 1008 3093 desumptum
1034 3044 1087 3075 ex
1112 3029 1210 3092 ejus
1235 3043 1342 3090 pro·
1425 3025 1635 3072 Zaccaria
1658 3060 1671 3082 ‚
1691 3019 2034 3095 Autifibronio
2054 3056 2066 3080 ‚
2084 3029 2197 3067 tom.
2219 3035 2255 3076 ι,
2289 3018 2372 3065 lib.
2395 3033 2441 3077 ¹3

323 3115 568 3179 pagatione
584 3147 599 3172 ,
646 3112 761 3160 dum
802 3114 866 3159 ait
916 3129 928 3160 :
979 3110 1145 3175 Neque
1175 3110 1341 3174 fausta
1423 3107 1605 3155 Cobbet
1623 3141 1637 3164 ‚
1660 3106 1792 3169 epist,
1823 3120 1861 3151 1.
1890 3103 2023 3151 Certe
2041 3102 2111 3151 vel
2131 3104 2231 3165 ipse
2257 3099 2409 3147 Hume
2428 3136 2441 3158 ,

324 3195 563 3246 Ecclesiae
600 3196 889 3260 propaqatio
923 3202 969 3242 et
1011 3193 1305 3242 conservatio
1324 3230 1338 3252 7
1426 3194 1507 3258 qui
1538 3187 1659 3237 nihil
1693 3186 1907 3235 credebat
1933 3197 1977 3235 et
2006 3188 2241 3234 neminem
2268 3200 2445 3232 revere-

324 3279 451 3345 quod
463 3277 626 3326 eadem
642 3286 685 3326 ee
700 3278 974 3326 islamiticoe
990 3276 1216 3342 relv'qz'oni
1227 3292 1343 3324 con-
1425 3276 1563 3324 batur
1584 3310 1597 3333 7
1629 3280 1779 3336 aperte
1802 3269 1970 3318 fatetur
1985 3305 2000 3328 ,
2032 3268 2139 3335 Que
2167 3266 2206 3314 le
2223 3261 2445 3314 varitable

326 3363 437 3429 tiqit
456 3403 473 3424 ‚
507 3363 636 3409 inter
666 3360 946 3408 documenta
968 3361 1188 3411 veritatis
1207 3367 1344 3425 atque
1421 3356 1702 3423 fondemem
1727 3353 1782 3401 de
1809 3353 1855 3401 la
1882 3353 2082 3418 rasorme
2100 3351 2183 3416 fut
2202 3347 2374 3397 l'envie
2388 3345 2444 3393 de

328 3446 536 3513 oriqinis
552 3444 733 3493 divinoe
753 3443 926 3508 referri
945 3446 1128 3510 potest(
1150 3461 1228 3509 op.
1258 3444 1342 3492 cit.
1429 3439 1555 3489 voler
1575 3437 1876 3502 l’arqenterie
1903 3444 1947 3483 et
1981 3444 2084 3484 tous
2105 3432 2171 3481 les
2199 3445 2445 3480 ornemem

330 3550 378 3596 p.
411 3547 427 3578 ι
447 3568 460 3589 ,
494 3546 539 3578 c.
574 3544 602 3575 2
622 3563 638 3589 ‚
665 3525 692 3593 S
725 3523 782 3574 51
808 3563 821 3585 ‚
860 3537 956 3576 not.
997 3544 1014 3576 1
1035 3525 1073 3592 ).
1109 3527 1179 3576 lta
1209 3528 1346 3575 etiam
1429 3521 1510 3571 des
1531 3519 1685 3569 autels
1711 3518 1947 3582 (Histoire
1965 3512 2266 3565 &Elisabeth
2287 3549 2299 3570 7
2322 3510 2445 3560 trad.

331 3611 456 3662 Felix
483 3610 688 3660 Bodinus
708 3609 802 3658 loc.
824 3612 904 3657 cit.
1436 3605 1493 3653 de
1521 3602 1743 3668 l’anylais
1764 3640 1776 3663 7
1795 3603 1872 3651 ch.
1898 3599 1963 3664 4ο
1981 3638 1994 3662 ,
2015 3617 2091 3650 an.
2126 3591 2308 3659 1568).
