2554 4140
330 71 452 129 222
984 90 1051 125 nn
1095 88 1247 127 VERA
1293 91 1415 126 nm..
1461 88 1594 130 Anv.
1643 92 1850 130 aaran.

416 231 512 291 30.
560 229 650 289 Ad
685 230 771 288 2¹¹1
798 274 815 305 7
856 231 1015 290 Dist.
1059 230 1319 312 Apostoli
1353 230 1459 289 sub
1490 230 1686 313 aliquo
1720 243 1988 315 respectu
2010 234 2308 297 interdum
2338 240 2473 296 uni-

335 346 568 387 versum
597 324 862 384 fidelium
891 336 1110 386 coetum
1135 325 1679 408 repraesentabant,
1708 349 1866 387 conc.
1882 352 1900 395 ,·
1925 350 2158 410 semper
2179 375 2194 404 7
2223 351 2287 391 ae
2320 353 2470 414 pree-,-

335 423 539 482 sertim
564 423 629 480 in
655 421 856 481 officiis
879 421 1100 504 proprii
1132 423 1440 482 ministerii
1463 469 1478 496 7
1507 423 1756 506 ideoque
1781 436 1841 483 et
1873 425 2162 483 missionis
2195 425 2272 486 ad
2301 449 2476 487 evan-

334 516 575 598 gelicam
601 516 1077 601 praedicationem
1096 564 1113 594 7
1137 541 1270 599 nef]-
1303 519 1575 600 Alioquin
1605 520 1817 579 frustra
1844 519 2107 579 Christus
2132 522 2481 581 instituisset

334 612 692 696 peculiarem
738 613 1144 673 ministrorum
1188 614 1492 688 ordinem7
1552 614 1766 675 frustra
1822 603 2173 696 segregasset
2233 616 2480 698 Spiritus

336 712 584 769 Sanctus
607 709 857 769 Paulum
889 721 949 769 et
979 710 1307 770 Barnabam
1342 711 1417 770 ad
1441 732 1587 792 opus
1618 712 1930 770 ministerii
1957 712 1980 793 (
2011 714 2133 772 Act.
2166 714 2336 786 XIII,
2369 714 2411 770 2
2432 711 2478 793 ).·,

336 806 549 866 frustra
605 806 864 890 Apostoli
918 807 1287 865 ordinassent
1348 806 1685 889 Episcopus,
1740 807 1957 889 quibus
1999 809 2485 868 commendarent

336 903 472 963 fidei
490 903 822 986 depositum
848 903 907 981 (I
934 903 1083 961 Tim.
1115 903 1185 959 VI
1205 946 1220 974 7
1245 902 1324 960 20
1341 903 1386 977 );
1410 913 1469 960 et
1485 902 1696 962 frustra
1713 905 1960 986 Spiritus
1978 907 2224 964 Sanctus
2248 904 2486 965 eosdem

337 1000 625 1081 posuisset
663 999 738 1058 ad
778 997 1100 1078 regendam
1144 995 1455 1055 Ecclesiam
1500 998 1608 1055 Dei
1653 999 1824 1077 (Act.
1881 1002 1986 1058 XX
2009 1046 2024 1074 7
2072 1001 2151 1061 28
2176 1001 2233 1080 >3
2272 1001 2487 1059 frustra

342 1094 600 1177 denique
626 1094 891 1154 Christus
924 1091 1196 1152 fidelibus
1218 1090 1282 1151 id
1310 1092 1664 1171 injunxisset
1684 1138 1702 1168 7
1732 1105 1800 1152 ut
1821 1117 1956 1154 suos
1982 1096 2255 1156 audirent
2279 1096 2490 1155 minis-

339 1203 460 1250 tros
490 1237 505 1265 7
555 1190 763 1249 iisdem
816 1188 1128 1249 obedirent
1173 1188 1196 1267 (
1219 1190 1355 1248 Luc.
1406 1191 1458 1247 X
1482 1235 1498 1263 7
1541 1188 1656 1270 16)
1683 1233 1699 1262 ,
1747 1190 1933 1271 iisque
1973 1190 2279 1252 subessent
2298 1238 2315 1267 7
2360 1213 2488 1275 quae

343 1287 541 1346 omnia
579 1286 841 1369 Apostoli
882 1287 945 1345 in
986 1284 1259 1344 omnibus
1301 1284 1420 1345 fere
1457 1285 1717 1368 epistolis
1752 1285 2029 1345 *fidelibus
2063 1287 2490 1347 commendant

342 1383 421 1464 (Ι
455 1382 655 1442 Thess.
705 1384 748 1441 V
774 1428 791 1458 7
844 1383 955 1457 127
989 1381 1064 1440 ad
1100 1382 1212 1440 Tit.
1257 1383 1318 1455 13
1357 1380 1537 1441 Hebr.
1568 1382 1703 1440 XIII
1725 1429 1740 1457 7
1784 1383 1856 1442 17
1882 1428 1896 1457 7
1942 1393 2053 1442 ete.
2088 1383 2131 1463 ).
2179 1385 2246 1443 Et
2273 1405 2413 1443 sane
2447 1383 2495 1442 si

345 1501 553 1540 omnes
594 1480 856 1560 magistri
877 1526 892 1553 7
932 1478 1032 1537 ubi
1064 1478 1380 1560 discipuli?
1414 1479 1473 1538 Si
1508 1500 1712 1538 omnes
1746 1490 2009 1561 pastores
2038 1526 2054 1550 7
2089 1479 2189 1538 ubi
2229 1480 2412 1560 grex?

342 1631 344 1633 a
430 1576 530 1636 31.
585 1576 670 1636 Ad
697 1574 778 1635 3m
804 1622 820 1651 7
849 1575 1002 1657 Ney.
1027 1577 1177 1634 Nam
1197 1574 1419 1634 Christi
1440 1575 1690 1634 Ecclesia
1710 1596 1943 1658 semper
1958 1575 2180 1656 indiget
2205 1581 2326 1654 ejus
2351 1597 2494 1658 prae·

347 1672 496 1732 sidio
525 1682 585 1732 et
616 1670 978 1732 adsistentia.
1005 1672 1063 1730 S.
1095 1673 1320 1731 Marcus
1346 1670 1455 1730 loc.
1483 1671 1582 1730 cit.
1606 1693 1683 1730 ne
1700 1672 1896 1749 innuit
1913 1670 2153 1752 quidem
2178 1671 2495 1752 aliquando

355 1769 632 1829 miracula
649 1780 708 1828 et
723 1769 885 1849 signa
902 1769 965 1826 in
981 1766 1230 1828 Ecclesia
1250 1779 1567 1828 cessatura.
1601 1767 1867 1827 Addatur
1887 1767 2188 1827 Christum
2212 1767 2496 1849 Apostolis

352 1886 678 1950 eorumque
698 1864 1124 1926 successoribus
1144 1886 1252 1947 pro
1264 1865 1487 1925 misisse
1507 1867 1815 1944 Spiritum
1832 1868 2124 1936 veritati&
2150 1864 2251 1946 qui
2265 1864 2502 1924 doceret

348 1982 443 2023 eos
473 1982 707 2045 semper
729 1983 964 2022 omnem
990 1967 1295 2021 veritatem
1318 2008 1332 2036 7
1364 1963 1581 2044 quique
1608 1973 1760 2021 esset
1782 1982 2090 2020 mansurus
2113 1982 2249 2020 cum
2268 1959 2409 2044 ipsis
2431 1964 2500 2019 in

349 2069 647 2118 oeternum
658 2084 677 2127 ‚·
711 2058 964 2118 addatur
992 2069 1270 2140 praeterea
1307 2058 1520 2117 Christi
1555 2056 2005 2140 promissionem
2035 2057 2192 2139 apud
2221 2059 2279 2116 S.
2320 2059 2500 2116 Marc.

352 2176 481 2237 cap.
516 2155 625 2215 ult.
658 2155 941 2215 hactenus
965 2156 1028 2213 in
1053 2159 1176 2233 ejus
1208 2154 1451 2214 Ecclesia
1478 2153 1788 2235 adimpleri
1809 2153 1919 2232 (l).

437 2250 537 2310 32.
589 2249 677 2310 Ad
705 2251 789 2309 4ιῙι
810 2297 826 2325 7
871 2252 1030 2311 Dz'st.
1065 2250 1367 2311 Revelatio
1398 2271 1633 2332 semper
1665 2271 1696 2308 a
1722 2249 1967 2331 privatis
2005 2247 2323 2307 individuis
2361 2270 2502 2330 pro-

355 2348 600 2429 ponitur
614 2350 957 2426 utpm’vatis
977 2345 1317 2405 hominibus
1335 2357 1395 2404 et
1415 2346 1661 2404 nomine
1679 2345 1915 2427 proprio
1934 2393 1949 2422 7
1982 2367 2142 2426 neq.;
2167 2357 2235 2404 ut
2255 2344 2502 2427 publicis

360 2443 620 2503 Ecclesiae
654 2443 938 2501 ministris
974 2453 1035 2501 et
1063 2442 1266 2521 legatis
1297 2462 1363 2499 ae
1391 2441 1632 2499 nomine
1658 2440 1918 2501 Ecclesiae
1940 2487 1955 2515 7
1991 2463 2151 2499 conc.
2186 2443 2305 2500 Nec
2343 2442 2503 2499 enim

358 2560 592 2620 semper
634 2538 730 2598 vel
770 2538 1042 2619 princeps
1077 2536 1173 2597 vel
1204 2535 1535 2619 respublica
1567 2535 1661 2597 vel
1704 2548 1939 2595 senatus
1977 2537 2037 2594 in
2075 2558 2323 2617 persona
2361 2558 2503 2617 pro-

359 2637 484 2718 pria
514 2635 609 2696 vel
640 2634 889 2694 subditis
914 2634 1009 2695 vel
1044 2634 1255 2693 exteris
1289 2633 1559 2714 gentibus
1586 2634 1822 2715 propria
1845 2645 2160 2716 exponunt
2188 2634 2466 2693 mandata
2484 2680 2499 2703 7

361 2744 464 2792 aut
493 2731 862 2793 voluntatem
890 2730 1285 2812 patefaciunt7
1328 2729 1431 2790 sed
1459 2751 1566 2812 per
1590 2752 1724 2789 suos
1748 2729 2095 2813 plerumque
2128 2731 2373 2789 nuncios
2404 2742 2505 2788 aut

360 2826 582 2906 legatos
605 2873 620 2902 7
650 2828 731 2886 sic
762 2826 1013 2886 Ecclesia
1045 2848 1153 2908 per
1189 2848 1322 2884 suos
1357 2827 1662 2885 ministros
1693 2824 1967 2909 gentibus
1996 2826 2211 2885 Christi
2239 2827 2503 2907 Evange—

367 2921 519 2981 lium
547 2922 872 2983 annunciat
896 2969 912 2997 7
947 2922 1486 3004 revelationemque
1513 2921 1776 2981 divinam
1813 2923 2111 3003 proponit.

367 3187 449 3252 qui
469 3202 625 3250 passus
645 3194 713 3232 est
726 3185 812 3233 sub
828 3184 971 3234 Decio
993 3222 1008 3247 ,
1029 3187 1194 3251 legitur
1221 3201 1235 3233 ε
1268 3184 1398 3233 Tum
1486 3185 1692 3235 Valesius
1724 3188 1771 3232 in
1801 3187 1920 3233 notis
1952 3186 2011 3234 ad
2040 3204 2143 3251 cap.
2186 3203 2243 3234 10
2264 3224 2277 3247 7
2308 3186 2395 3235 lib.
2425 3202 2504 3244 vn,

370 3263 563 3315 Polemo
597 3305 610 3326 7
653 3265 955 3315 christianus
986 3304 999 3327 ,
1042 3269 1206 3332 inquit
1237 3306 1249 3324 7
1306 3272 1391 3315 es?
1483 3267 1801 3318 Hisneccles.
1821 3268 2211 3327 Eusebii‚etacta
2231 3269 2505 3318 Sanctorum

371 3347 634 3416 Respondit
648 3343 861 3396 Pionins
881 3367 899 3396 .·
925 3367 1031 3397 sum
1041 3350 1275 3416 projecto.
1297 3350 1395 3398 Cu·
1481 3352 1603 3418 apud
1620 3349 1900 3399 Bollandum
1917 3389 1929 3411 7
1947 3353 2118 3400 mensis
2140 3351 2278 3400 Febr.
2297 3351 2370 3399 die
2406 3366 2422 3396 1
2435 3363 2450 3382 ³
2466 3349 2504 3412 ).

352 3435 445 3499 jus
462 3468 479 3494 ‚
528 3433 692 3496 inquit
745 3427 936 3479 Polemo
958 3470 969 3490 ‚
1020 3450 1067 3480 es
1113 3433 1400 3482 EcclesioeP
1551 3434 1614 3498 (l)
1651 3430 1714 3481 Ut
1734 3442 1858 3497 patet
1877 3450 1934 3481 ex
1965 3432 2101 3482 dictis
2123 3435 2172 3481 in
2205 3450 2220 3480 1
2255 3431 2391 3480 Parte
2418 3431 2507 3479 hu-

372 3512 635 3582 Respondit
669 3513 883 3562 Pionius
906 3533 922 3561 :
960 3514 1237 3579 Catholicae3
1272 3516 1399 3564 nulla
1479 3515 1555 3580 jus
1586 3524 1718 3563 tract.
1748 3532 1796 3562 n.
1829 3515 1925 3581 392
1951 3525 1996 3565 et
2030 3531 2162 3580 seqq.

371 3600 496 3646 enim
539 3607 607 3647 est
653 3596 743 3646 alia
788 3596 913 3662 apud
957 3596 1192 3648 Christum
1227 3598 1396 3662 (Cons-
