2554 4140
2060 156 2174 215 165

425 175 544 212 CAP.
593 173 671 214 lv.
721 176 787 212 DE
830 176 1006 212 Exlsr.
1056 177 1170 214 mv.
1219 177 1287 213 Ac
1330 175 1624 214 SUPESNAT.
1673 177 1807 214 BEV.

77 312 248 372 datur
275 313 592 421 plurimum
614 314 899 393 ejusmodi
922 314 1156 396 Imperii
1183 316 1408 373 romani
1434 316 1882 398 amplitudinem
1910 318 2179 378 conferre

71 408 325 488 potuisse
363 408 483 466 ad
469 431 653 488 ipsam
691 409 1025 487 religionem
1065 406 1439 483 christianam
1470 409 1690 468 facilius
1727 411 2193 473 convellendam.

73 523 142 560 ex
174 505 343 562 tacita
370 505 546 586 ipsius
575 503 803 563 Gibbon
832 503 1184 561 confessione
1208 503 1230 578 (
1240 503 1317 574 1)

156 596 292 656 377.
342 598 428 656 Ad
449 599 562 672 2¹¹¹,
592 599 747 657 Disc.
774 598 1016 655 Poterat
1036 595 1157 654 hoeo
1181 596 1436 668 zzndoles
1466 607 1575 656 etc.
1602 597 1917 678 disponere
1948 605 2177 693 aliquot

73 712 281 772 eosque
302 693 624 760 rarissimos
641 690 716 748 ad
733 688 1197 769 amplectendam
1219 688 1595 748 christianam
1616 690 1955 771 religionem
1980 696 2174 794 quoad

72 788 312 865 aliquas
342 790 611 845 veritates
635 784 921 854 morulae,
957 794 1016 841 et
1039 782 1317 863 quidem
1300 805 1363 841 m
1389 785 1512 864 pari
1538 806 1709 858 cam,
1738 796 1951 854 trans-,5
1971 791 2185 850 omnes·

70 878 566 939 indiscriminatim
590 922 606 952 ,
647 878 917 956 spectatis
961 878 1288 959 praesertim
1329 899 1526 937 rerum
1568 879 1896 956 adjunctis,
1943 903 2071 962 quae
2110 884 2175 942 in

68 971 506 1054 probationibus
535 972 927 1031 recensuimus
947 1017 964 1047 ‚
1004 983 1062 1031 et
1091 972 1280 1053 quoad
1306 994 1509 1031 omnes
1545 973 1815 1033 veritates
1837 1019 1854 1048 ,
1886 996 2015 1055 neq.
2057 964 2180 1034 Ad-'

69 1067 256 1125 dimus
286 1065 665 1147 philosophos
685 1112 701 1139 7
749 1068 796 1125 si
825 1071 1063 1125 fortasse
1098 1066 1318 1148 aliquos
1352 1068 1600 1148 excipias
1636 1067 1954 1149 platonicos
1978 1115 1994 1144 7
2024 1080 2171 1130 teste

66 1163 120 1219 S.
159 1162 474 1240 Augustino
516 1161 640 1241 (2)7
704 1161 1117 1220 infensissimos
1157 1183 1278 1244 prae
1318 1164 1523 1222 ceteris
1563 1163 1918 1224 adversarios
1960 1164 2176 1240 fuisse,

68 1277 212 1336 quos
255 1254 503 1315 Ecclesia
531 1266 701 1314 nacta
732 1257 843 1329 sit3
887 1257 1062 1315 Stoici
1087 1257 1375 1339 siquidem
1399 1269 1457 1317 et
1482 1259 1759 1340 Epicuraei
1779 1304 1797 1334 ‚
1839 1261 1939 1341 qui
1968 1260 2187 1341 primis}

62 1350 173 1408 illis
217 1350 474 1410 Ecclesiae
503 1350 721 1410 saeculis
764 1353 824 1409 in
871 1352 1121 1432 Imperio
1163 1374 1406 1412 romano
1449 1355 1775 1436 principem
1805 1354 1973 1414 inter
2013 1356 2183 1436 ipsos-

62 1444 252 1503 locum
306 1444 646 1505 obtinebant
674 1490 689 1519 ‚
747 1467 1116 1526 summopere
1172 1446 1569 1507 abhorrebant
1624 1471 1656 1508 a
1708 1448 2176 1510 Christianorum

59 1538 354 1600 institutis,

140 1634 277 1693 378.
327 1634 413 1693 Ad
458 1635 570 1708 3¹¹¹„
618 1636 828 1696 Eadem
873 1648 996 1696 esto
1026 1636 1317 1697 distinctio
1344 1660 1409 1698 ac
1450 1639 1512 1697 in
1554 1661 1707 1721 resp.
1755 1640 1829 1699 ad
1875 1643 1984 1719 1¹³3
2028 1663 2167 1702 nam

60 1727 261 1787 eadem
304 1732 448 1788 ratio
492 1731 722 1791 militat.
771 1731 1032 1790 Addatur
1080 1732 1237 1790 inter
1294 1733 1553 1814 captivos
1608 1734 1804 1815 plures
1846 1736 2168 1796 sacerdotes

60 1822 317 1882 ethnicos
355 1826 556 1899 fuisse,
597 1848 775 1909 quare
823 1827 930 1907 ipsi
966 1826 1124 1885 idem
1151 1848 1272 1884 non
1312 1828 1758 1908 praestiterunt?
1799 1831 1999 1912 Itaque
2037 1853 2169 1889 om·

62 1938 165 1976 nes
213 1939 390 1977 causae
432 1922 725 1980 recensitae
769 1920 843 1979 ab
886 1921 1228 1980 adversariis
1286 1921 1486 1981 valent
1543 1923 1782 2004 quidem
1836 1924 1899 1982 in
1941 1928 2166 1984 ratione

64 2013 282 2087 medii
323 2035 438 2095 quo
460 2036 560 2074 usa
603 2027 690 2075 est
731 2015 928 2076 divina
973 2014 1380 2091 Providentia,
1427 2038 1547 2075 non
1590 2028 1791 2078 autem
1834 2019 1896 2076 in
1939 2017 2190 2080 ratione'

61 2129 258 2166 causoe
286 2110 517 2190 proprie
559 2109 740 2169 dictae.

142 2202 284 2261 379.
335 2204 422 2262 Ad
446 2205 526 2261 4¹1¹
550 2207 744 2279 Dz'st
771 2206 841 2263 Et
863 2205 986 2265 haec
1009 2206 1425 2265 commendant
1447 2208 1813 2268 sanctitatem
1837 2168 2164 2268 christianae

60 2295 347 2376 religionis
388 2310 447 2356 et
482 2299 805 2380 primorum
844 2300 1343 2374 Christianorum,
1386 2323 1571 2369 conc„
1567 2302 1909 2383 ·explicant
1933 2323 2165 2362 causam

59 2393 515 2473 propagationiS‚
557 2393 653 2453 vel
693 2416 821 2474 neq.
860 2394 956 2454 vel
996 2396 1246 2454 subdiac.
1292 2395 1495 2468 Quoad
1532 2395 1752 2478 aliquos
1775 2442 1791 2472 ,
1831 2398 1881 2455 si
1921 2397 2161 2479 insuper

62 2506 180 2544 non
220 2487 558 2547 debuissent
580 2510 702 2548 sese
730 2511 1020 2569 exponere
1046 2490 1142 2548 irae
1167 2512 1403 2549 suorum
1425 2536 1440 2565 .,
1488 2492 1690 2549 mortis
1720 2492 1979 2551 evidenti
2006 2492 2165 2574 peri-

62 2580 188 2639 culo
219 2593 278 2640 et
307 2583 367 2640 in
405 2583 658 2641 infinitas
679 2584 1112 2665 ¹propemodum
1155 2605 1439 2643 aerumnas
1474 2607 1532 2644 se
1570 2586 1884 2663 conjicere,
1932 2597 2168 2652 trans„-

63 2696 260 2736 omnes
298 2677 390 2738 vel
433 2679 608 2737 etiam
648 2678 953 2760 plerosque
979 2679 1040 2737 in
1077 2678 1240 2747 dictis
1283 2700 1479 2738 rerum
1519 2678 1840 2758 adjunctiS‚
1886 2699 2014 2759 neq.
2049 2677 2156 2759 (3).

133 2894 198 2957 (l)
225 2895 384 2943 Versio
398 2896 545 2943 italica
555 2894 680 2943 edita
697 2895 944 2944 Mediolani
959 2913 1066 2945 cum

65 2978 310 3038 specimine
352 2976 674 3025 confutationis
716 2976 968 3041 Spedalieri
1026 2988 1070 3026 et

65 3054 299 3121 Anonymi
317 3075 359 3105 c.
386 3072 437 3104 ιιι
457 3058 598 3120 (tom.
617 3075 648 3118 ι,
664 3077 768 3123 pag.
810 3057 928 3122 143,
957 3059 1066 3107 edit.

66 3135 219 3185 Pisan.
234 3137 394 3197 )Conf.
410 3137 657 3202 Spedalieri
676 3136 851 3188 Contra
859 3139 1068 3199 Gibbon,

65 3218 157 3266 fere
178 3227 268 3266 tota
288 3222 486 3268 sectione
506 3236 549 3268 v1
566 3258 580 3281 ‚
597 3238 700 3287 pag.
731 3239 746 3269 1
772 3258 785 3272 .
805 3240 857 3270 ac
877 3238 1066 3286 praeser-

67 3301 150 3347 tim
172 3318 214 3348 c.
243 3318 325 3361 ιιι,
355 3319 454 3366 pag.
480 3300 604 3363 262,
636 3304 744 3352 edit.
777 3304 1064 3352 Placentinae.

133 3382 196 3444 (2)
235 3381 315 3430 De
358 3381 415 3429 V
410 3385 514 3431 erit.
547 3383 683 3449 reliq.
715 3402 758 3434 c.
786 3402 862 3435 vu.

130 3465 200 3529 (3)
238 3465 461 3531 Sportulae
483 3504 496 3527 ‚
513 3478 603 3519 etc.
622 3486 716 3518 non
732 3468 962 3519 dabantur
978 3472 1067 3518 nisi

67 3549 217 3610 egenis
238 3585 252 3606 ‚
283 3549 434 3596 viduis
451 3586 462 3608 ‚
485 3549 701 3614 pupillis,
720 3561 808 3600 etc.
835 3551 907 3599 En
929 3552 1066 3600 verba

70 3626 372 3692 Tertulliani,
405 3629 606 3698 Apoloq.
639 3649 683 3682 c.
723 3651 858 3682 xxxix
895 3651 909 3681 ε
944 3633 1069 3682 Hoec

1150 2899 1290 2961 quasi
1335 2896 1547 2962 deposita
1593 2897 1791 2962 pietatis
1845 2905 1997 2959 sunt5
2044 2913 2161 2945 nam

1150 2978 1266 3026 inde
1292 2995 1391 3025 non
1435 2977 1586 3042 epulis
1602 3012 1617 3038 ,
1663 2995 1750 3025 neo
1770 2978 2010 3044 potaculis
2028 3015 2041 3039 ,
2073 2995 2160 3026 neo

1151 3060 1358 3124 inqratis
1380 3060 1640 3106 voratrinis
1670 3059 2012 3124 dispensantur
2029 3097 2043 3120 ,
2076 3059 2161 3107 sed

1151 3142 1308 3205 eqenis
1342 3139 1525 3188 alendis
1559 3139 1942 3205 humandisque,
1974 3149 2019 3188 et
2036 3157 2153 3206 pue-

1148 3225 1219 3270 ris
1240 3239 1296 3270 ac
1317 3221 1495 3287 puellis
1511 3261 1529 3282 ,
1570 3238 1620 3270 re
1658 3238 1715 3270 ao
1734 3221 2020 3288 parentibus
2050 3221 2156 3270 des-

1151 3305 1335 3364 titutis,
1359 3307 1562 3371 jamque
1606 3303 1870 3352 domesticis
1918 3303 2111 3352 senibus
2138 3338 2153 3360 ‚

1150 3387 1260 3434 item
1296 3386 1548 3451 naufraqis
1568 3421 1583 3446 ,
1622 3393 1668 3433 et
1694 3386 1741 3434 si
1771 3387 1859 3451 qui
1891 3386 1947 3433 in
1986 3381 2152 3431 metal-
2209 3408 2212 3410 v

1150 3469 1239 3527 lis,
1268 3476 1311 3516 ee
1336 3467 1380 3514 si
1406 3467 1491 3532 qui
1518 3468 1576 3514 in
1606 3466 1807 3527 insulis,
1850 3464 1926 3514 vel
1951 3466 2008 3512 in
2035 3479 2147 3511 ous-

1150 3549 1292 3598 todiis
1315 3586 1328 3609 ‚
1359 3547 1610 3596 dumtaxat
1629 3564 1689 3596 ea·
1706 3563 1854 3596 causa
1882 3543 1978 3594 Dei
1998 3552 2153 3604 seoloe,

1150 3631 1340 3680 alumni
1370 3630 1678 3696 consessionis
1710 3629 1810 3679 su'oe
1850 3627 1997 3692 fiunt.
2043 3625 2156 3675 Haeo
