2554 4140
718 104 872 140 PROP.
921 104 1003 143 IV.
1049 104 1120 142 DE
1161 104 1319 142 EGCL.
1362 104 1550 142 PROPR.

2063 80 2180 139 241

171 247 271 304 81.
320 244 408 303 Ad
437 245 519 303 [ιω
539 244 741 324 ,“Ν69.
777 245 994 303 Omnes
1021 243 1180 302 enim
1201 243 1467 303 homines
1489 244 1768 304 hactenus
1791 241 1970 305 verba
2001 240 2185 303 veluti

91 342 252 420 signa
279 340 492 399 mentis
508 340 816 399 notionum
837 337 1170 396 habuerunt
1192 377 1209 408 ,
1236 346 1411 416 atque
1434 349 1500 396 ut
1519 338 1780 398 medium
1801 337 2187 397 necessarium

88 435 163 494 ad
179 456 306 493 suas
326 433 482 492 ideas
509 433 616 492 sibi
631 433 884 493 invicem
897 429 1426 490 communicandas,
1455 430 1708 491 Sublatis
1732 431 1928 494 verbis
1946 478 1962 507 .,
1989 444 2185 492 actum

90 542 178 589 est
200 530 272 590 de
294 531 564 589 societate
589 540 649 587 et
669 528 741 587 de
770 522 1327 608 qualibet-seientia3
1363 522 1498 581 libri
1526 546 1728 585 omnes
1751 527 2032 608 physicas,
2065 549 2184 587 ma·

90 624 322 683 theseos
343 670 360 698 ,
397 635 507 682 etc.
542 632 735 681 essent
759 617 1066 696 abjiciendi
1084 662 1099 690 ,
1132 618 1180 675 si
1207 615 1438 675 nullum
1461 639 1581 698 prae
1599 640 1660 678 se
1678 619 1899 680 ferrent
1922 643 2187 697 sensum,

92 740 200 778 nec
228 718 479 778 scientiae
504 717 786 774 unitatem
811 737 827 785 ς
867 712 943 770 ad
967 711 1365 770 confusionem
1387 710 1711 771 babelicam
1739 726 2186 778 reverteremur.

91 813 257 871 Addo
293 811 556 893 quaedam
593 806 771 891 verba
813 804 1032 865 habere
1078 827 1314 865 sensum
1356 805 1812 866 determinatum
1839 819 1898 866 et
1927 810 2193 884 unicum,

91 913 177 986 cuj
186 906 411 966 usmodi
439 927 491 964 e.
525 926 582 985 g.
628 913 767 961 sunt
808 902 1050 960 nomina
1072 947 1088 976 ,
1134 901 1343 983 quibus
1388 912 1695 982 geometrae
1738 912 2017 977 utuntur,
2061 924 2195 963 cum

91 1002 396 1080 designant
418 996 696 1058 circulum
717 1042 733 1071 ,
759 996 1118 1075 triangulum
1138 1041 1153 1071 ,
1179 1007 1290 1056 ete.
1314 988 1342 1072 ,’
1358 996 1628 1079 quaedam
1655 1007 1851 1057 autem
1875 998 2192 1079 quamdam

91 1097 213 1178 pati
244 1094 614 1153 latitudinem
657 1092 1118 1172 significationiS‚
1160 1093 1241 1150 ita
1270 1103 1470 1152 tamen
1498 1103 1565 1151 ut
1590 1091 1849 1152 habeant
1881 1092 2196 1174 quamdam

89 1190 280 1248 ideam
306 1187 807 1248 fundamentalem
835 1189 898 1246 in
928 1209 1106 1268 quam
1131 1182 1335 1247 omnes
1363 1187 1726 1249 conveniunt.
1750 1187 1861 1266 (1).

93 1453 280 1515 perieris
309 1453 478 1500 evenit.
498 1449 618 1498 Cum
636 1451 760 1498 enim
784 1449 1107 1497 detractassent

94 1551 187 1581 non
219 1536 352 1598 pauci
386 1532 635 1581 Lutherani
679 1531 877 1578 ministri
916 1546 967 1577 ac
1010 1527 1106 1577 Lu-

94 1615 294 1662 theranae
307 1616 540 1662 societates
549 1615 754 1677 excipere
765 1628 932 1659 novam
947 1608 1106 1674 Aqen·

94 1697 205 1746 dam
225 1736 238 1759 ,
265 1716 346 1747 seu
371 1698 605 1762 liturgiam
622 1696 775 1744 denuo
799 1697 1106 1760 praescriptam

101 1781 187 1828 sub
230 1780 303 1828 die
337 1777 402 1827 28
432 1779 567 1827 Febr.
604 1781 714 1826 anni
756 1776 917 1840 1834,
946 1795 971 1824 a
1017 1793 1109 1842 qua

94 1863 386 1911 vehementer
426 1860 736 1910 abhorrebant
780 1875 910 1923 aeque
958 1874 1010 1905 ac
1048 1856 1107 1905 ab

95 1944 422 2008 conjunctione
441 1945 547 1990 cur'n
563 1938 780 1988 Ecclesia
807 1940 950 1986 unita
965 1955 1108 2004 quam

96 2034 261 2074 vocant
280 2058 298 2083 ,
328 2024 387 2072 de
415 2041 507 2089 qua
541 2022 718 2088 aliquid
753 2021 943 2069 inferius
979 2020 1106 2068 dice-

98 2125 201 2155 mus
222 2144 235 2167 ,
266 2106 419 2171 plures
453 2105 639 2170 parochi
662 2104 719 2152 de
748 2104 849 2152 loco
878 2139 892 2166 ‚
928 2098 986 2149 in'
1015 2118 1108 2167 quo

96 2199 256 2251 erant,
292 2189 456 2256 dejecti
484 2198 591 2236 sunt
610 2225 623 2248 ,
657 2204 710 2235 ac
741 2205 765 2234 a
793 2186 891 2250 lege
931 2186 1109 2232 statutis

94 2274 241 2336 poenis
274 2268 514 2330 mulctati,
542 2271 743 2335 novique
771 2268 928 2316 vicarii
957 2269 1007 2314 in
1035 2269 1108 2330 ip-

99 2370 251 2401 sorum
282 2351 437 2400 locum
465 2351 661 2400 suffecti.
696 2349 852 2415 Quum
882 2365 991 2396 vero
1015 2385 1027 2407 ‚
1059 2351 1108 2394 in

95 2434 297 2500 quadam
328 2431 498 2481 Silesiae
522 2433 637 2481 urbe
663 2431 800 2491 Oels,
821 2431 954 2478 turba
982 2440 1106 2477 tem-

95 2517 229 2582 plum
260 2517 516 2565 occlusisset
545 2527 684 2581 atque
710 2515 991 2577 obsignasset
1007 2546 1024 2571 ,
1047 2529 1108 2559 ne

96 2601 227 2647 novis
250 2601 428 2647 vicariis
463 2598 617 2645 aditus
659 2596 719 2644 ad
757 2595 882 2643 illud·
903 2604 1106 2659 pateret,

99 2683 336 2747 quingenti
391 2680 558 2728 milites
610 2678 906 2742 urbanusque
947 2676 1111 2726 Praetor

98 2764 226 2810 missi
270 2772 408 2821 sunt,
459 2763 539 2826 qui
584 2759 807 2824 populum
852 2769 1111 2807 coercerent

102 2852 147 2890 et
177 2843 524 2908 compellerent.
557 2839 659 2905 Quo
696 2842 747 2888 in
771 2840 975 2887 tumultu
1006 2842 1110 2904 ipso

98 2922 354 2972 Nativitatis
385 2923 639 2971 Dominicae
680 2921 914 2986 pervigilio
953 2921 1011 2968 ad
1040 2923 1108 2969 vi-

100 3007 213 3070 ginti
240 3007 416 3054 circiter
433 3005 642 3052 homines
672 3004 940 3052 vulneribus
962 3005 1112 3052 mulc-

100 3091 182 3135 tati
205 3097 311 3136 sunt
335 3104 350 3149 3
372 3090 422 3134 in
447 3086 645 3151 singulas
669 3097 826 3135 autem
845 3087 1005 3135 domos
1030 3087 1111 3136 de-

101 3189 201 3219 cem
226 3207 239 3229 ‚
275 3180 320 3217 et
343 3169 606 3234 quindecim
628 3171 762 3217 etiam
785 3205 798 3227 ‚
820 3169 986 3216 milites
1018 3169 1112 3217 dis-

100 3252 295 3310 tributi,
324 3253 405 3316 qui
436 3249 494 3297 ad
519 3250 693 3315 frugem
727 3259 773 3297 et
801 3248 1113 3297 obedientiam

102 3335 429 3399 pertinaciores
483 3331 770 3379 suavioribus
833 3333 1113 3396 argumentis

103 3412 406 3462 adducerent.
457 3411 607 3478 Atque
655 3411 745 3459 hoc
782 3414 1015 3476 specimen
1048 3422 1116 3461 est

105 3493 635 3543 certissimumlibertatis
650 3497 952 3555 conscientiae,
973 3512 1114 3560 quam

106 3575 411 3625 Protestantes
475 3583 715 3640 tantopere
785 3575 1152 3642 depraedicant.

268 3657 340 3714 Τ.
377 3657 420 3714 Ι.

1187 1448 1457 1497 Praeclaram
1470 1452 1758 1499 conscientiae
1764 1449 2199 1519 libertatemfflperoe

1186 1532 1382 1594 pretium
1412 1541 1506 1580 erat
1539 1531 1737 1581 Romani
1773 1532 2007 1582 Pontificis
2036 1534 2200 1600 jugum

1186 1610 1385 1677 abjicere
1414 1613 1473 1661 ad
1509 1630 1610 1662 eam
1639 1614 2014 1664 nanciscendam!
2049 1612 2200 1664 Habe-

1188 1710 1291 1741 mus
1303 1703 1474 1755 tamen‚
1490 1695 1614 1760 quod
1626 1695 1942 1744 vehementius
1959 1700 2199 1759 miremur3

1188 1792 1298 1823 nam
1329 1778 1380 1823 in
1409 1777 1573 1825 iisdem
1602 1777 1726 1825 hisce
1762 1777 1871 1826 locis
1891 1815 1904 1837 ‚
1936 1778 1994 1826 de
2019 1779 2196 1844 quibus

1187 1867 1255 1904 est
1305 1874 1452 1905 sermo
1490 1895 1504 1918 ,
1558 1857 1808 1907 Lutherani
1869 1858 2201 1908 dissentientes

1188 1937 1247 1985 ab
1281 1937 1484 1987 Ecclesia
1506 1942 1646 1987 unita‘
1667 1957 1748 1988 seu
1769 1941 2034 2004 evangelica
2063 1941 2202 1990 modo

1189 2030 1411 2068 vocantur
1439 2029 1753 2086 protestantes
1783 2057 1798 2082 ,
1851 2022 1989 2071 modo
2016 2012 2200 2086 'secta3

1188 2100 1299 2150 Vid.
1316 2099 1528 2167 Ephem.
1551 2103 1686 2150 univ.
1706 2100 1756 2150 A
1762 2111 2010 2167 aqu-stante
2025 2121 2078 2151 n.
2096 2101 2161 2152 26
2185 2139 2201 2165 ,

1191 2202 1251 2252 27
1282 2223 1296 2243 ‚
1345 2204 1453 2235 cum
1499 2187 1820 2236 additamentis
1869 2187 2098 2237 extraord.
2144 2189 2204 2237 ad

1189 2267 1313 2315 diem
1336 2285 1354 2316 1
1386 2267 1600 2317 Januarii
1636 2266 1761 2318 1835
1783 2305 1796 2327 ‚
1827 2286 1879 2316 n.
1900 2284 1984 2327 21,
2009 2287 2056 2334 p.
2074 2285 2166 2318 102
2189 2306 2203 2330 ‚

1196 2350 1306 2399 103.
1994 2399 1996 2401 .

1260 2434 1329 2495 (l)
1362 2431 1580 2498 Apposite
1609 2433 1683 2481 Cl.
1721 2433 1938 2482 Manzoni
1967 2452 1980 2482 ε
2023 2431 2203 2497 Questa

1189 2512 1418 2562 diversit&
1438 2551 1451 2574 ‚
1488 2531 1515 2562 ο
1536 2531 1629 2580 per
1653 2515 1734 2562 dir
1753 2515 1922 2579 meqlio
1948 2514 2202 2563 latitudine

1189 2593 1244 2642 di
1252 2596 1587 2659 siqnifieato,si
1598 2595 1837 2661 trova²piic
1849 2595 2207 2661 specialemente
2271 2646 2274 2648 ,

1189 2677 1271 2724 nei
1303 2679 1441 2723 nomi
1456 2677 1718 2723 consecrati
1740 2675 1810 2722 ad
1836 2679 2087 2741 esprimere
2104 2677 2207 2725 dis·-

1182 2758 1436 2822 posizioni
1463 2755 1652 2804 morali.
1680 2756 1774 2804 Ma
1807 2772 1906 2804 non
1925 2766 2146 2822 per-tamo
2175 2759 2201 2806 ὲ

1191 2849 1313 2888 cereo
1330 2875 1347 2901 ,
1380 2839 1464 2887 che
1490 2838 1561 2903 qli
1582 2839 1774 2886 uomim‘
1800 2838 2098 2888 s’intendono
2116 2840 2202 2904 fra

1191 2921 1246 2970 di
1272 2921 1368 2969 loro
1389 2958 1402 2980 ,
1420 2938 1468 2968 se
1483 2936 1580 2967 non
1599 2936 1687 2968 eon
1695 2921 1967 2985 precisiene
1983 2956 2000 2982 ,
2022 2919 2207 2970 almeno

1191 3003 1744 3069 oppressimativamente
1763 3038 1776 3060 ‚
1811 3002 2000 3066 quando
2028 3002 2201 3068 adop&-

1192 3100 1315 3132 rano
1339 3101 1366 3132 ο
1392 3083 1633 3131 ascoltano
1660 3082 1835 3131 alcuna
1870 3083 1924 3131 di
1954 3092 2112 3149 queste
2117 3101 2207 3150 pa·

1192 3164 1319 3229 role3
1351 3182 1448 3213 non
1477 3163 1752 3231 potrebbero
1775 3167 1893 3212 anzi
1924 3165 2204 3231 disputare,

1193 3264 1242 3295 se
1274 3263 1375 3296 non
1396 3246 1652 3295 anda-ssero
1678 3248 1826 3295 intesi
1849 3247 1945 3312 piis
1970 3264 1997 3295 ο
2030 3263 2169 3295 mene
2192 3284 2206 3308 ,

1194 3346 1241 3376 se
1267 3345 1363 3376 non
1402 3329 1584 3377 dessero
1617 3330 1675 3376 in
1695 3337 1837 3394 parte
1863 3327 1906 3375 lo
1930 3338 2070 3376 stesso
2103 3330 2204 3391 siq-

1194 3411 1393 3475 nificato
1435 3409 1524 3458 alle
1549 3408 1714 3475 parole
1757 3412 1812 3458 in
1856 3411 2136 3474 questione3
2170 3406 2210 3455 il

1195 3492 1277 3540 che
1304 3491 1365 3539 Ιιο
1376 3491 1498 3555 fatte
1529 3490 1636 3539 dire
1658 3490 1898 3550 atelano,
1929 3489 2012 3538 che
2029 3505 2128 3537 non
2151 3491 2204 3536 vi

1196 3574 1259 3623 ha
1290 3571 1481 3639 dispute
1516 3572 1571 3621 di
1594 3574 1716 3621 meri
1749 3569 1963 3622 vocabola·
1978 3607 1991 3630 ‚
2019 3587 2099 3621 ma
2122 3568 2206 3619 che

1893 3651 1965 3707 16
