2554 4140
278 157 396 217 280
918 176 986 213 DE
1033 177 1177 214 VERA
1220 177 1339 216 REL.
1385 178 1519 216 Anv.
1569 181 1772 217 Herna.

285 318 624 381 veritatibus
664 315 739 376 ab
775 316 1026 377 Ecclesia
1061 319 1409 400 propositis7
1456 331 1699 400 propter
1743 321 2151 383 auctoritatem
2186 347 2402 408 nempe

277 411 649 474 infallibilem
691 413 874 493 ipsius
917 411 1212 492 Ecclesiae,
1258 435 1361 473 seu
1403 436 1510 495 per
1551 414 1708 474 idem
1736 416 2041 478 ⁴motivum
2084 417 2220 478 facti
2265 433 2403 480 sunt

275 507 557 566 Catholici
592 529 698 589 per
726 508 886 589 quod
921 507 1055 566 facti
1084 519 1222 568 sunt
1255 508 1586 570 Christiani.

359 603 496 661 177.
547 604 605 662 Si
647 604 818 681 igitur
851 616 1061 662 norma
1089 614 1148 662 et
1176 604 1373 685 regula
1411 606 1678 686 proxima
1710 605 1849 665 fidei
1882 618 2095 667 nostrae
2134 619 2223 668 est
2264 630 2405 668 auc-

283 698 487 757 toritas
543 698 804 759 Ecclesiae
858 701 1241 781 proponentis
1269 746 1285 773 7
1346 722 1446 759 seu
1514 701 1862 784 applicantis
1914 702 2088 761 nobis
2145 702 2407 763 divinam

276 795 684 854 auctoritatem
706 830 735 870 73
762 806 821 855 et
855 795 1111 856 conditio
1137 798 1267 854 sine
1295 818 1419 874 qua
1452 809 1611 856 certo
1642 809 1701 856 et
1734 797 2118 858 infallibiliter
2142 811 2408 859 constare

277 889 448 950 nobis
492 913 614 950 non
656 901 892 973 potest7
939 912 1214 972 quaenam
1257 891 1377 949 sint
1419 890 1494 951 de
1535 892 1650 952 fide
1694 893 1950 952 tenenda
1977 940 1992 969 7
2042 906 2206 975 patet
2247 893 2407 976 quod

274 987 608 1068 quicunque
638 987 793 1047 hanc
813 987 998 1064 rejicit
1017 1030 1033 1060 7
1067 1007 1169 1045 seu
1197 997 1400 1045 contra
1426 990 1548 1064 ejus
1576 990 1982 1049 auctoritatem
2011 1001 2405 1072 protestatur,

277 1105 479 1144 veram
515 1083 698 1143 fidem
725 1081 944 1140 habere
968 1092 1243 1163 nequeat.
1285 1080 1458 1139 Nulla
1491 1083 1653 1141 enim
1676 1095 1765 1143 est
1787 1087 1933 1145 ratio
1958 1132 1973 1160 7
2012 1107 2113 1145 cur
2142 1087 2270 1168 quis
2299 1086 2409 1144 hoe

275 1179 507 1253 credat7
546 1177 707 1236 aliud
734 1198 875 1237 vero
899 1198 1021 1235 non
1047 1176 1246 1236 credat
1268 1221 1283 1251 7
1325 1188 1540 1258 praeter
1572 1180 1878 1261 proprium
1903 1182 2175 1263 spiritum
2212 1182 2410 1262 priva-

272 1287 432 1348 tum3
465 1285 524 1333 et
552 1272 761 1333 eodem
783 1272 987 1347 modO,
1009 1294 1128 1354 quo
1151 1273 1279 1354 quis
1304 1273 1492 1351 rejicit
1516 1295 1703 1332 unum
1731 1275 2063 1351 articulum7
2089 1288 2284 1358 potest
2310 1299 2410 1359 pa-

273 1371 417 1429 riter
440 1381 499 1429 et
523 1369 704 1428 alium
720 1389 996 1451 respuere
1015 1414 1031 1443 7
1063 1379 1241 1450 atque
1255 1369 1336 1428 ita
1354 1390 1530 1452 porro
1546 1415 1561 1444 7
1591 1368 1777 1429 donec
1790 1392 1865 1430 ne
1887 1371 1981 1432 vel
2005 1393 2154 1429 unus
2171 1371 2408 1452 quidem

274 1468 553 1550 supersit7
564 1472 731 1546 juxta
748 1465 1093 1526 Tertulliani
1107 1466 1331 1525 dictum
1353 1468 1555 1526 :Idem
1572 1469 1751 1525 licuit
1774 1468 2240 1536 Valentinianis,
2257 1468 2418 1546 quod

286 1564 601 1623 Valentino
614 1606 637 1634 ,
682 1564 842 1621 idem
873 1564 1263 1622 Marcionitis
1305 1564 1470 1641 quod
1501 1563 1852 1635 Marcioni,
1898 1564 1968 1621 de
2001 1564 2262 1621 arbitrio
2307 1583 2414 1621 suo

269 1662 454 1739 fidem
480 1665 772 1719 innovare
811 1661 924 1741 (l).
970 1661 1117 1719 Cum
1145 1672 1345 1719 autem
1377 1660 1614 1742 spiritus
1645 1663 1909 1742 privatus
1939 1682 2045 1743 per
2074 1682 2134 1719 se
2160 1658 2412 1718 fallibilis

280 1758 356 1815 sit
402 1767 462 1815 et
511 1758 692 1815 errori
734 1777 801 1815 ac
843 1755 1177 1838 deceptioni
1223 1755 1512 1815 obnoxius
1541 1802 1557 1831 7
1605 1755 1846 1816 evidens
1891 1768 1979 1814 est
2021 1755 2286 1813 nullam
2290 1775 2412 1814 esse

273 1851 643 1911 infallibilem
670 1851 932 1932 regulam
969 1852 1166 1934 quoad
1198 1874 1294 1911 eos
1313 1853 1464 1933 7qui
1487 1852 1765 1931 rejiciunt
1793 1853 2200 1912 auctoritatem
2224 1851 2410 1911 Eccle-

276 1948 412 2022 siae7
450 1960 694 2030 propter
739 1971 919 2030 quam
955 1947 1176 2030 aliquid
1206 1947 1279 2007 de
1307 1947 1420 2007 fide
1462 1948 1770 2023 credatur7
1814 1948 2064 2031 ideoque
2100 1951 2253 2007 intra
2294 1946 2413 2006 hu-

280 2066 472 2103 manae
512 2045 804 2127 opinionis
849 2044 1064 2104 limites
1108 2066 1230 2103 non
1270 2044 1655 2104 concludatur
1690 2043 2090 2128 quidquid'ab
2132 2045 2271 2127 ipsis
2317 2042 2414 2105 vel

281 2142 618 2201 admittitur
646 2140 742 2200 vel
774 2142 1050 2219 rejicitur.
1093 2143 1241 2201 Cum
1283 2162 1460 2201 nemo
1494 2142 1736 2225 insuper
1759 2143 1942 2225 possit
1968 2153 2268 2222 tamquam
2297 2161 2416 2199 cer-

280 2249 403 2296 tam
440 2238 740 2319 propriam
778 2238 931 2296 tueri
963 2238 1315 2297 sententiam
1337 2283 1353 2313 7
1388 2237 1643 2297 alienam
1671 2249 1867 2298 autem
1887 2283 1905 2314 7
1943 2257 2070 2320 quae
2097 2256 2212 2295 suae
2234 2258 2409 2318 oppo-

281 2333 443 2391 nitur
465 2378 481 2406 7
514 2345 671 2392 certe
714 2344 780 2391 ut
810 2332 1076 2392 absolute
1109 2332 1317 2392 falsam
1360 2334 1596 2411 rejicere
1617 2379 1633 2408 7
1672 2335 1736 2392 in
1770 2334 1838 2392 iis
1879 2334 2237 2416 praesertim,
2284 2353 2415 2413 quae

285 2430 558 2489 humanae
583 2431 798 2490 mentis
818 2442 1056 2512 captum
1083 2441 1363 2511 superant
1380 2474 1396 2505 7
1425 2430 1676 2489 infertur
1695 2475 1710 2504 7
1745 2452 1851 2510 per
1873 2431 2025 2489 hanc
2055 2430 2415 2488 substitutio-

281 2548 423 2586 nem
447 2527 685 2608 spiritus
709 2526 925 2608 privati
954 2526 1285 2586 auctoritati
1316 2525 1578 2585 Ecclesiae
1598 2570 1613 2600 7
1651 2527 1971 2585 necessario
1998 2526 2133 2584 oriri
2166 2523 2413 2583 dubium

282 2621 522 2704 aliquod
567 2620 929 2694 universale7
973 2642 1083 2681 nec
1126 2643 1486 2703 quemquam
1526 2643 1790 2702 unquam
1822 2642 1991 2703 posse
2031 2642 2237 2681 verum
2277 2618 2413 2678 fidei

283 2728 479 2777 actum
503 2716 709 2777 elicere
730 2764 746 2791 7
779 2739 843 2776 ac
871 2720 1196 2777 necessario
1211 2718 1274 2776 in
1291 2716 1471 2776 dubio
1499 2716 1764 2776 absoluto
1779 2717 1841 2775 in
1858 2717 1924 2775 iis
1942 2762 1957 2791 7
1985 2737 2110 2798 quae
2136 2715 2209 2775 ad
2233 2714 2412 2777 fidem

280 2813 620 2894 pertinent7
681 2814 900 2875 versari
944 2812 1191 2892 debere3
1239 2812 1423 2899 veltsi
1466 2814 1593 2895 quis
1636 2824 1834 2872 actum
1878 2811 2014 2871 fidei
2056 2811 2246 2889 elicit,
2290 2833 2412 2870 non

281 2909 437 2968 elicit
454 2953 472 2983 7
501 2921 678 2990 prout
705 2910 1117 2972 adnotavimus
1139 2955 1156 2985 7
1196 2910 1310 2969 nisi
1338 2931 1409 2970 ex
1438 2908 1730 2991 principio
1757 2907 2058 2969 catholico,

352 3178 415 3240 (1)
456 3176 534 3223 De
562 3179 831 3243 Proescrip.
870 3195 976 3243 cap.
1022 3176 1087 3242 42
1120 3215 1135 3235 ,
1178 3179 1310 3243 cujus
1395 3185 1556 3224 turam
1586 3192 1725 3224 suam
1747 3212 1761 3235 7
1794 3183 1838 3222 et
1867 3176 2074 3240 oriqinis
2090 3190 2190 3223 suoe
2211 3190 2414 3228 morem,

285 3262 460 3322 integer
491 3265 643 3306 textus
674 3263 736 3307 ita
757 3272 821 3308 est
842 3279 854 3308 :
873 3259 1088 3309 Mentior
1106 3296 1120 3323 7
1144 3263 1189 3308 si
1211 3277 1311 3307 non
1389 3260 1632 3324 profectus
1645 3255 1771 3306 rei.I
1770 3257 1875 3305 dem
1893 3258 2032 3306 licuit
2045 3254 2416 3306 Valentinianis

279 3343 427 3390 etiam
455 3358 487 3388 a
511 3342 690 3407 requlis
715 3345 819 3390 sm’s
838 3346 1035 3391 variant
1057 3344 1306 3408 (haeretici)
1397 3343 1523 3406 quod
1565 3339 1896 3389 Valentino...
1950 3340 2177 3404 Denique
2216 3341 2417 3403 penitus

281 3426 410 3471 inter
452 3441 502 3471 se
523 3463 536 3484 7
586 3425 703 3472 dum
746 3429 1079 3491 vanusquisque
1097 3427 1313 3493 proinde
1398 3426 1617 3491 inspectoe
1631 3423 1830 3472 haereses
1854 3441 2015 3471 omnes
2043 3425 2100 3470 in
2119 3422 2285 3470 ”tultis
2301 3438 2412 3468 eum

286 3523 373 3554 suo
405 3506 608 3555 arbitrio
640 3506 916 3555 modulatur
941 3509 1067 3573 quod
1093 3511 1304 3575 accepit,
1392 3506 1668 3556 auctoribus
1683 3508 1787 3554 suis
1805 3507 2134 3554 dissentientes
2156 3503 2413 3570 deprehen-

286 3588 687 3653 quemadmodum
703 3589 759 3636 de
784 3605 870 3636 suo
886 3591 1089 3638 arbitrio
1102 3609 1158 3638 ea
1179 3607 1308 3638 eom·
1391 3589 1578 3637 duntur
1594 3591 1710 3653 (pag.
1731 3605 1825 3655 217
1852 3588 1976 3638 edit.
1994 3588 2201 3652 Rigaltii,
2222 3585 2414 3632 Lutetiae

284 3674 449 3738 posuit
464 3671 545 3720 ille
568 3710 580 3734 7
608 3673 694 3737 qui
709 3671 933 3720 tradidit.
967 3673 1201 3736 Aynoscit
1214 3689 1309 3721 na·
1392 3672 1533 3720 Paris.
1578 3668 1701 3733 1664
1719 3671 1755 3732 ).
