2554 4140
2085 156 2160 214 93

420 185 543 220 CAP.
593 180 678 216 111.
730 180 797 215 DE
843 179 970 215 ROT·
1021 177 1139 214 mv.
1188 178 1258 214 Ac
1302 176 1609 215 SUPERNAT.
1660 178 1790 218 REV.

44 324 116 383 de
156 323 327 383 rebus
366 323 438 382 ab
476 323 735 381 humana
775 315 1102 395 cognitione
1137 336 1374 396 prorsus
1412 318 1672 376 remotis,
1717 317 1782 375 40
1819 317 1911 377 Nil
1943 316 2160 376 mirum

43 418 287 500 proinde
322 418 368 477 si
395 440 460 477 ea
486 429 554 474 ut
578 413 857 475 divinitus
882 408 1167 490 inspirata
1197 407 1414 467 ethnici
1443 412 1832 471 crediderunt.
1883 413 1948 470 5⁰
1972 413 2161 472 Notis-

43 516 187 572 sima
221 523 358 572 sunt
396 511 650 572 carmina
677 503 956 584 Sybillina
981 500 1055 560 ab
1082 501 1327 560 ethnicis
1356 503 1575 583 pariter
1603 516 1662 563 et
1690 506 2030 566 Christianis
2054 506 2160 566 ad-

43 611 236 667 missa.
267 611 331 668 60
354 605 560 686 Negari
583 601 790 662 saltem
814 621 937 656 non
961 608 1154 679 potest
1173 642 1190 671 a
1218 596 1513 657 daemones
1538 600 1797 679 potuisse
1819 602 2157 682 praedicere,

45 726 173 786 quae
204 713 394 764 essent
413 700 520 782 ipsi
547 696 773 756 facturi.
811 694 879 754 7ο
910 693 1061 751 Hinc
1084 691 1329 751 dubium
1363 714 1595 774 semper
1623 693 1822 754 evadit
1854 717 2162 778 argumen-

44 812 173 857 tum
209 821 279 858 ex
313 792 621 878 prophetia
661 789 980 850 deductum
1012 786 1086 846 ad
1121 787 1508 850 evincendam
1547 787 1919 850 divinitatem
1955 813 2161 873 super-

44 892 320 953 naturalis
356 887 759 962 revelationis3
803 906 957 964 ergO.

127 987 264 1045 226.
315 986 486 1065 Resp.
510 982 586 1041 ad
614 983 692 1039 1111
714 1026 729 1055 .,
756 983 915 1040 Dist.
939 981 1113 1038 Veras
1128 978 1221 1040 vel
1236 979 1397 1038 fictas
1414 1025 1430 1056 ‚
1456 1000 1618 1038 conc.
1628 1003 1648 1045 ‚·
1671 1000 1837 1040 veras
1854 1026 1870 1056 .,
1903 982 2158 1041 subdiac.

50 1103 174 1166 quae
214 1091 415 1138 tamen
450 1076 781 1136 naturalem
818 1075 1119 1134 scientiam
1159 1086 1218 1133 et
1245 1080 1640 1151 conjecturam
1679 1096 1802 1133 non
1843 1076 2158 1153 excedant⁷

47 1198 226 1242 conc.;
256 1174 453 1256 q'uales
486 1195 590 1231 nos
622 1192 1059 1254 propugnamus
1078 1218 1091 1240 ‚
1131 1192 1259 1249 neq.
1294 1165 1536 1228 Nullum
1565 1168 1905 1251 exemplum
1935 1191 2006 1230 ex
2040 1182 2163 1247 tota

43 1261 388 1352 antiquitate
432 1268 678 1350 proferri
718 1278 947 1348 potest,
988 1264 1140 1325 edita
1177 1286 1300 1324 esse
1340 1264 1570 1324 oracula
1611 1264 1820 1324 saltem
1850 1265 1914 1325 in
1946 1268 2162 1326 confir-

41 1369 359 1426 mationem
382 1364 536 1423 falsae
568 1362 858 1443 religionis
879 1407 895 1436 ‚
923 1381 1055 1442 quae
1078 1371 1244 1419 notas
1277 1381 1401 1442 prae
1426 1382 1487 1421 se
1514 1360 1706 1420 ferant
1729 1382 1762 1420 a
1789 1359 1960 1420 nobis
1985 1384 2162 1446 supe-

42 1464 159 1522 rius
196 1462 501 1543 expositas,

122 1557 262 1616 227.
312 1555 401 1614 Ad
430 1555 545 1613 2¹1².
586 1553 739 1633 Ney.
781 1550 1073 1612 Peculiare
1119 1552 1278 1610 enim
1314 1551 1627 1611 intercedit
1666 1551 1978 1612 discrimen
2006 1554 2162 1614 inter

43 1652 408 1711 ethnicorum
434 1648 661 1708 oracula
691 1659 750 1708 et
775 1647 1048 1708 vaticinia
1075 1645 1309 1706 biblica.
1348 1648 1507 1707 Licet
1537 1647 1697 1706 enim
1732 1647 1938 1708 demus
1963 1648 2163 1731 (quod

41 1748 232 1808 verius
259 1767 560 1806 censemus
590 1743 665 1802 ob
695 1754 895 1826 aperta
919 1745 1161 1801 Patrum
1177 1743 1543 1823 testimonia)
1579 1764 1712 1801 cum
1738 1746 1800 1802 P.
1828 1742 1993 1803 Balto
2016 1746 2075 1803 S.
2103 1747 2158 1805 J.

40 1842 314 1902 adversus
352 1843 473 1898 Van
511 1839 654 1898 Dale
691 1850 750 1897 et
784 1837 1121 1897 Fontenelle
1156 1859 1280 1896 non
1309 1842 1517 1896 omnia
1562 1837 1899 1918 gentilitatis
1932 1840 2160 1900 oracula

41 1938 404 1997 sacerdotum
430 1933 727 1994 fraudibus
757 1955 879 1994 esse
905 1932 1289 1992 adscribenda
1308 1979 1323 2008 ,
1354 1944 1617 1992 attamen
1635 1938 1769 2011 jure
1802 1933 2160 1995 affirmamus

42 2032 165 2092 dari
192 2031 677 2091 characteristicas
705 2042 906 2105 notaS‚
940 2050 1071 2110 quae
1108 2028 1495 2088 essentialiter
1525 2029 1754 2088 oracula
1797 2051 2161 2111 paganorum

41 2149 71 2186 a
104 2127 323 2185 biblicis
348 2126 728 2205 distinguant.
766 2127 845 2183 Ut
883 2125 1042 2183 enim
1078 2134 1269 2183 cetera
1301 2124 1608 2199 omittam,
1644 2123 1874 2183 oracula
1909 2136 1969 2183 et
2006 2125 2162 2188 divi-

38 2223 302 2280 nationes
335 2243 456 2279 non
485 2232 653 2279 erant
689 2221 745 2278 κ’
769 2220 879 2278 nisi
910 2221 1087 2299 effata
1130 2221 1478 2299 sinqularia
1497 2264 1520 2293 ,
1561 2219 1724 2278 nulla
1750 2220 1975 2280 ratione
2008 2222 2162 2282 inter

39 2339 97 2376 se
120 2338 303 2390 nexa5,
330 2317 398 2374 20
427 2316 500 2376 de
526 2314 832 2377 eventibus
850 2320 1132 2395 proxime
1154 2317 1565 2387 instantibus,
1600 2327 1666 2374 ut
1690 2321 1866 2375 certis
1885 2322 2163 2396 personis

37 2413 131 2474 vel
155 2407 510 2473 ⁴civitatibus
537 2413 971 2488 consuleretur7
1010 2424 1069 2470 et
1103 2411 1168 2471 3⁰
1206 2412 1351 2472 adeo
1397 2414 1724 2493 ambzyua,
1762 2424 1829 2471 ut
1871 2412 2160 2496 quidquid

38 2509 319 2571 accideret
342 2556 358 2586 .,
399 2509 745 2592 praedictum
780 2508 954 2568 fuisse
1003 2507 1306 2569 videretur
1341 2508 1452 2588 (1).
1510 2509 1601 2567 Sic
1651 2507 1724 2568 de
1769 2507 2161 2570 celeberrimis

104 2770 168 2834 (l)
205 2769 373 2819 Omnia
388 2787 571 2835 prorsus
586 2769 855 2834 gentilitatis
871 2769 1055 2817 oracula

38 2851 277 2900 fraudibus
307 2852 596 2900 sacerdotum
624 2850 926 2900 adscribenda
958 2868 1055 2899 esse

37 2932 143 2982 Van
170 2933 283 2982 Dale
302 2971 316 2994 ‚
366 2932 438 2982 De
489 2933 636 2981 Orac.
686 2943 780 2981 vec.
837 2931 1015 2981 ethnic.
1035 2969 1049 2992 ‚

36 3013 162 3063 Diss.
181 3033 217 3063 ιι
246 3052 260 3074 ,
281 3016 541 3075 contendit,
567 3018 642 3064 cui
665 3015 968 3080 adstipulatus
984 3024 1052 3062 est

38 3095 307 3146 Fontenelle
341 3132 356 3160 ,
400 3096 645 3146 Histoires
689 3097 770 3146 des
827 3094 1044 3157 Oracles,

37 3176 114 3224 ch.
139 3194 187 3242 7,
206 3178 378 3243 quibus
401 3179 619 3228 nonnulli
650 3197 707 3229 ex
724 3178 1051 3228 recentioribus

38 3258 334 3307 subscribunt
375 3270 514 3327 atque
550 3264 669 3309 inter
702 3271 874 3310 ceteros
909 3260 1047 3309 Jans-

37 3357 140 3388 sens
156 3378 169 3399 ‚
190 3358 268 3406 op.
300 3344 380 3390 cit.
407 3341 688 3392 Moshemius
712 3359 819 3392 vero
848 3343 1049 3392 mediam

36 3423 158 3468 viam
194 3424 358 3483 inivit,
396 3425 446 3471 in
487 3423 631 3473 Notis
659 3426 723 3473 ad
755 3425 1046 3485 Cudworth‚

38 3520 241 3552 asserens
269 3505 387 3552 nihil
428 3509 539 3568 certi
567 3506 781 3555 affirmari
805 3526 936 3573 posse
962 3526 1044 3572 pro

37 3584 248 3634 alterutra
263 3591 504 3636 sententia.
527 3587 586 3636 At
618 3600 774 3638 contra
810 3589 912 3638 Van
932 3589 1046 3638 Dale

37 3667 224 3732 ejusque
269 3676 509 3720 sectatores
546 3681 731 3721 strenue
767 3672 880 3723 adeo
908 3673 1046 3722 dimi-

1140 2770 1259 2816 cavit
1275 2765 1329 2817 P.
1350 2767 1508 2817 Baltus
1537 2766 1814 2817 authoritate
1847 2771 2059 2818 omnium
2078 2789 2156 2820 ve·

1138 2860 1290 2899 terum
1320 2850 1609 2898 ethnicorum
1630 2887 1644 2910 ,
1702 2852 1740 2898 si
1766 2850 2064 2900 Plutarchum
2083 2870 2161 2902 ex-

1137 2934 1276 2997 cipias
1294 2969 1307 2992 ‚
1325 2929 1410 2980 SS.
1429 2933 1619 2980 Patrum
1638 2967 1653 2994 ‚
1670 2935 1921 2996 praesertim
1951 2933 1979 2982 J
1984 2936 2124 2983 ustini
2141 2971 2157 2996 ,

1137 3014 1407 3063 Tertulliani
1427 3050 1442 3077 ,
1458 3013 1682 3080 Cypriani
1707 3052 1720 3075 ,
1745 3014 2020 3076 Athanasii,
2042 3017 2159 3066 Lac-

1137 3098 1272 3144 tantii
1296 3134 1309 3157 ‚
1332 3096 1578 3162 Augustini
1599 3135 1613 3158 ‚
1633 3100 1714 3164 qui
1729 3098 1911 3147 dicebat
1928 3114 1944 3146 ε
1960 3100 2158 3163 Loqua-

1131 3180 1329 3226 cissima
1354 3178 1618 3228 simulacra
1638 3217 1652 3240 ,
1663 3178 1828 3245 pulsis
1859 3179 2157 3229 doemom'bus

1130 3278 1162 3309 a
1181 3261 1479 3310 Christianis
1494 3300 1507 3323 ,
1540 3261 1690 3310 veluti
1707 3263 1812 3310 sine
1828 3262 1953 3327 flatu
1973 3278 2158 3327 orqana

1131 3342 1322 3391 siluisse
1340 3381 1353 3404 ,
1381 3345 1506 3410 quod
1530 3355 1706 3394 veteres
1734 3346 1981 3411 apologetae
2009 3346 2160 3395 ethni·

1132 3428 1196 3474 cis
1211 3428 1382 3489 passim
1400 3425 1763 3491 exprobrabant,
1781 3431 2032 3493 praesertim
2051 3427 2156 3476 Ter-

1139 3508 1360 3556 tullianus
1377 3517 1421 3557 et
1438 3507 1723 3573 Cyprianus;
1757 3520 1857 3557 tum
1888 3510 2023 3558 factis
2054 3525 2156 3557 cer-

1129 3591 1315 3637 tissimis
1340 3607 1392 3638 ac
1416 3590 1607 3639 testibus
1634 3591 1916 3640 immediatis
1940 3627 1954 3650 ,
1997 3592 2154 3656 cujus-

1131 3671 1258 3721 modi
1275 3672 1362 3722 fuit
1386 3670 1436 3721 S.
1463 3672 1602 3724 Joan.
1620 3672 1976 3739 Chrysostomus
1996 3672 2149 3739 quoad
