2554 4140
331 107 453 169 336
962 130 1030 168 mi
1075 127 1229 168 VERA
1272 131 1394 168 nm.
1441 132 1575 172 mv.
1625 135 1826 175 neren,

334 275 628 337 neniseos
655 270 938 331 subruere
973 274 1286 334 veritatem
1321 273 1606 351 adstruit,
1651 288 1826 358 negat
1860 296 1984 353 esse
2022 279 2377 344 Christianos
2410 296 2469 344 et

332 369 554 430 multos
569 388 766 427 secum
782 365 1075 430 trahendo
1107 367 1372 451 decipere
1397 371 1687 450 affirmat3
1722 395 1845 432 non
1872 373 2059 432 solum
2084 387 2252 435 vocat
2263 391 2470 457 pestes,

334 468 551 524 bestias
564 507 587 536 ,
606 467 779 543 fures
794 508 813 535 ,
838 466 1134 537 latrones,
1160 468 1467 543 proedones
1482 513 1500 539 ,
1534 470 1828 540 laniones,
1855 468 2096 550 aliisque
2121 492 2245 547 non
2271 474 2469 533 minus

333 558 631 642 probrosis
666 559 1006 620 nominibus
1031 561 1379 643 compellat,
1422 563 1521 622 sed
1545 576 1826 646 praeterea
1847 610 1862 639 ,
1897 564 2058 646 quod
2078 588 2201 625 non
2229 578 2319 626 est
2350 569 2474 630 sine

333 656 849 718 animadversione
891 658 1510 738 praetermittendum,
1559 683 1794 720 causam
1845 662 2036 744 aperit
2076 674 2138 722 et
2189 663 2475 743 originem

334 752 635 813 haereseon
662 754 929 812 omnium
951 798 966 828 ,
999 775 1142 835 quas
1166 755 1383 835 repetit
1405 778 1477 815 ex
1511 778 1579 816 eo
1604 803 1618 831 ,
1659 757 1819 839 quod
1858 769 2034 838 caput
2066 757 2330 819 Ecclesiae
2354 781 2477 818 non

331 850 622 931 quaeritur
643 895 659 925 ,
681 850 968 932 primatus
985 849 1144 908 Petri
1160 852 1590 926 contemnitur,
1618 864 1677 912 et
1699 853 1978 913 cathedra
2004 875 2068 912 ac
2088 854 2338 915 Ecclesia
2358 877 2477 915 una

332 956 395 1005 et
427 946 806 1028 Episcopatus
842 966 994 1003 unus
1030 943 1321 1003 deseritur
1361 968 1375 1004 ε
1407 949 1779 1021 Asserentes,
1821 950 2015 1030 inquit
2041 995 2056 1022 ,
2098 961 2327 1009 noctem
2360 971 2479 1030 pro

331 1043 468 1114 die,
507 1046 828 1102 interitum
865 1061 982 1119 pro
1019 1041 1249 1111 salute,
1291 1041 1758 1119 desperationem
1784 1066 1904 1123 pro
1947 1046 2187 1104 obtentu
2240 1050 2473 1123 operis,

323 1138 657 1218 perfidiam
673 1137 1102 1215 subproeteatu
1126 1136 1308 1214 fidei,
1341 1137 1778 1196 antichristum
1793 1160 1912 1217 pro
1929 1143 2208 1199 vocabulo
2234 1143 2485 1210 Christi,

335 1245 406 1293 ut
422 1235 573 1292 dum
593 1233 949 1292 verisimilia
968 1237 1381 1305 mentiuntur,
1398 1238 1712 1292 veritatem
1728 1235 2059 1294 subtilitate
2074 1240 2477 1315 frustrentur.

333 1330 470 1390 Hoc
497 1352 558 1388 eo
592 1331 690 1409 sit,
723 1332 953 1408 fratres
985 1329 1406 1401 dilectissimi,
1444 1330 1596 1387 dum
1624 1331 1711 1387 ad
1730 1318 2002 1388 veritatis
2036 1335 2327 1411 oriqinem
2357 1355 2480 1392 non

334 1426 613 1499 reditur,
658 1448 765 1485 nec
807 1437 992 1506 caput
1033 1430 1371 1505 quoeritur,
1435 1447 1541 1484 nec
1582 1431 1863 1507 mayistri
1902 1429 2145 1487 coelestis
2200 1429 2479 1489 doctrina

332 1534 631 1582 servatur.
681 1525 828 1603 Quoe
871 1527 930 1581 si
959 1526 1100 1602 quis
1139 1524 1473 1581 consideret
1504 1534 1560 1580 et
1605 1529 1944 1593 attaminet,
1992 1535 2258 1583 tractatu
2314 1526 2482 1606 lonyo

336 1629 514 1698 atque
547 1622 924 1700 arqumentis
964 1640 1113 1699 opus
1149 1641 1270 1677 non
1306 1630 1410 1678 est.
1460 1620 1754 1678 Probatio
1791 1630 1876 1679 est
1905 1621 1992 1678 ad
2019 1622 2199 1700 fidem
2221 1624 2481 1699 facilis,

332 1717 683 1795 compendio
719 1719 1010 1775 veritatis.
1053 1717 1357 1795 Loquitur
1390 1717 1698 1777 Domi-nus
1734 1718 1820 1775 ad
1851 1717 2109 1776 Petrum
2142 1741 2160 1777 .·
2188 1719 2318 1798 Eyo
2351 1720 2483 1777 dico

333 1814 493 1880 tihi,
520 1823 623 1871 etc.
645 1812 736 1893 (l)
752 1832 772 1880 ,·
799 1813 1042 1872 Etcum
1068 1813 1348 1884 haereses,
1376 1813 1762 1895 prosequitur
1789 1811 2009 1872 ibidem
2033 1859 2049 1889 ,
2076 1825 2129 1871 et
2156 1815 2482 1872 schismata

329 1909 716 1989 postmodum
734 1919 884 1967 nata
908 1913 1056 1982 sint,
1079 1910 1228 1968 ditm
1247 1911 1664 1967 conventicula
1685 1911 1810 1968 sihi
1828 1911 2066 1968 diversa
2086 1914 2483 1981 constituunt,

337 2009 613 2065 veritatis
644 2016 835 2086 caput
874 2017 1051 2086 atque
1100 2009 1401 2087 oriyinem
1443 2010 1820 2086 reliquerunt
1859 2006 2114 2089 (nempe
2150 2009 2483 2066 Romanum

339 2100 684 2161 Pontificem
713 2147 729 2177 ,
773 2101 848 2161 de
885 2123 1001 2183 quo
1038 2101 1273 2162 locutus
1316 2102 1505 2161 fuerat
1531 2103 1590 2182 >3
1642 2101 1884 2161 demum
1923 2103 2254 2177 concludit,
2313 2103 2484 2162 Tales

341 2195 630 2268 (haeretici
667 2209 728 2257 et
760 2197 1159 2279 schismatici)
1205 2202 1452 2258 etiamsi
1492 2202 1675 2259 occisi
1711 2204 1781 2258 in
1822 2203 2183 2280 confessione
2217 2202 2485 2258 nominis

334 2294 638 2370 fuerunt,
689 2296 931 2353 macula
985 2299 1104 2353 ista
1154 2317 1261 2354 nec
1314 2300 1616 2376 sanquine
1662 2297 1975 2355 abluitur.
2002 2342 2013 2354 .
2041 2341 2052 2354 .
2092 2318 2206 2355 esse
2246 2306 2488 2375 martyr

341 2410 465 2447 non
494 2401 710 2469 potest,
749 2394 863 2469 qui
893 2395 962 2448 in
997 2391 1271 2451 Ecclesia
1305 2412 1428 2449 non
1466 2403 1577 2460 est,
1605 2393 1698 2467 ‚ad
1727 2414 1986 2471 reqnum
2014 2396 2334 2476 pervenire
2361 2411 2483 2449 non

331 2496 554 2566 potest,
579 2490 692 2566 qui
716 2507 842 2545 eam
861 2531 877 2562 ‚
906 2508 1040 2565 quoe
1069 2498 1403 2567 requatura
1436 2498 1552 2556 est,
1585 2488 1967 2566 derelinquit,

424 2582 565 2640 269.
620 2582 722 2641 Vix
764 2594 967 2641 tamen
1008 2604 1156 2664 opus
1200 2594 1288 2642 est
1333 2584 1679 2642 auctoritate
1723 2582 1798 2640 ad
1838 2584 2154 2643 veritatem
2207 2582 2357 2640 hanc
2410 2580 2484 2639 ad

343 2678 723 2753 struendam,
765 2699 901 2737 cum
941 2679 1091 2737 ratio
1127 2679 1254 2760 ipsa
1293 2678 1601 2740 evidenter
1641 2699 1773 2738 eam
1813 2679 2077 2751 evincat,
2124 2678 2482 2759 quicumque

345 2775 505 2835 enim
550 2776 776 2857 peccati
819 2774 1059 2854 alicujus
1099 2774 1331 2835 lethalis
1381 2796 1514 2834 reus
1552 2785 1679 2850 est,
1725 2786 1786 2834 et
1825 2797 1958 2834 cum
2007 2773 2291 2852 ejusmodi
2332 2795 2485 2831 noxa

344 2893 417 2933 ex
454 2872 563 2932 hac
610 2873 728 2935 vita
772 2870 1003 2932 decedit
1029 2918 1045 2949 ,
1106 2884 1458 2955 perpetuam
1501 2871 1944 2932 damnationem
1981 2871 2269 2944 incurrit,
2322 2870 2483 2952 atqui

345 2980 652 3052 peccatum
684 2968 905 3029 lethale
924 2981 983 3029 et
1001 2968 1242 3051 quidem
1272 2969 1682 3050 gravissimum
1719 2980 1807 3029 est
1831 2969 2163 3031 voluntarie
2189 2966 2486 3026 schismati

344 3065 443 3127 vel
466 3065 675 3126 haeresi
704 3077 805 3124 aut
840 3064 1242 3125 incredulitati
1278 3065 1576 3126 adhaerere
1598 3112 1613 3141 ,
1655 3066 1970 3127 veritatem
2011 3087 2043 3124 a
2083 3068 2203 3124 Deo
2238 3060 2485 3123 creden-

347 3161 488 3220 dam
517 3162 881 3243 propositam
913 3183 1189 3244 respuere
1210 3208 1225 3236 ,
1260 3162 1582 3243 legitimam
1606 3173 1666 3221 et
1691 3161 1971 3222 divinitus
1999 3162 2333 3220 institutam
2358 3180 2487 3217 auc-

347 3257 646 3331 toritatem
667 3269 1047 3326 contemnere
1064 3303 1080 3336 ,
1111 3258 1421 3318 Ecclesiam
1436 3281 1559 3318 non
1574 3257 1774 3317 audire
1796 3303 1812 3332 ,
1841 3271 1901 3318 et
1923 3259 2223 3341 privatum
2246 3275 2482 3316 sensum

348 3352 728 3435 pertinaciter
756 3354 1035 3415 adversus
1064 3355 1327 3416 Ecclesiae
1351 3355 1681 3415 doctrinam
1703 3356 1901 3436 sequi3
1935 3376 2091 3434 erg0.

431 3448 580 3509 270.
625 3451 810 3531 Atque
836 3450 979 3512 hinc
1008 3452 1226 3512 factum
1257 3464 1436 3535 puto,
1467 3463 1533 3510 ut
1566 3454 1965 3513 Protestantes
2004 3449 2155 3532 ipsi,
2192 3448 2292 3529 qui
2327 3465 2485 3505 nunc

421 3642 485 3704 (Ι)
526 3640 606 3689 De
634 3642 762 3690 unit.
789 3639 969 3690 Eccles.
