2554 4140
343 67 463 125 216
999 87 1067 122 na
1110 87 1259 126 VERA
1304 86 1421 124 am.
1472 88 1603 126 Anv.
1652 89 1851 128 nmen.

436 230 531 289 17.
579 229 720 303 Quae
766 219 1007 309 quidem
1037 229 1332 290 afferimus
1368 243 1434 290 ut
1469 244 1857 292 monumenta
1898 244 2136 294 tantum
2170 235 2441 299 historica
2463 284 2478 314 7

347 335 555 407 utpote
586 322 770 382 relata
805 323 878 382 ab
912 324 1245 385 auctoribus
1271 372 1285 400 7
1326 328 1426 408 qui
1456 348 1522 386 ea
1551 328 1818 387 referunt
1855 349 1982 411 quae
2014 331 2250 412 ipsimet
2273 334 2485 394 imme-

348 420 504 479 diate
521 441 551 478 a
569 419 801 478 Christo
816 419 943 503 ipso
960 434 1331 509 acceperunt7
1352 435 1411 482 et
1424 424 1584 482 omni
1608 423 1723 484 fide
1748 424 1909 506 digni
1934 437 2074 486 sunt
2097 473 2113 503 7
2144 448 2263 486 non
2289 442 2487 491 autem

348 527 416 574 ut
430 526 607 575 testes
624 516 907 575 divinitus
926 517 1238 600 inspiratos
1261 538 1358 578 eos
1381 519 1476 579 hic
1503 520 1811 579 sumimus,
1837 522 1969 581 Uno
1988 521 2169 583 verbo
2187 569 2202 598 7
2241 523 2490 585 adstrui-

356 632 489 670 mus
503 614 743 689 factum
766 612 1050 673 institutae
1077 635 1141 673 ac
1163 615 1424 674 fundatae
1442 637 1472 673 a
1492 614 1722 675 Christo
1752 605 2039 677 societatis
2059 643 2075 692 ς
2108 640 2237 701 quae
2256 619 2493 702 deposi-

361 707 508 766 taria
534 706 608 766 ab
633 708 759 790 ipso
782 708 1050 768 instituta
1082 721 1170 768 est
1193 708 1473 769 doctrinae
1495 732 1612 770 suae
1631 760 1646 788 7
1681 713 1888 795 cuique
1915 714 2040 796 ipse
2059 716 2352 775 commisit
2376 737 2495 775 ma-

351 803 654 884 gisterium
671 804 935 862 omnium
952 805 1219 884 gentium
1236 827 1341 885 per
1356 806 1806 867 instructionem
1827 811 1962 869 viva
1986 831 2123 870 voce
2141 810 2489 872 faciendam.

353 902 487 959 Non
518 901 679 959 enim
701 901 849 959 dixit
877 900 1143 959 Christus
1170 900 1461 982 Apostolis
1499 925 1513 960 :
1554 904 1788 964 Euntes
1809 908 2088 983 scribite,
2128 907 2229 966 sed
2263 909 2323 967 E
2327 919 2497 967 untes

356 997 578 1073 docete,
615 1018 808 1077 neque
833 996 910 1054 ad
936 1007 1172 1077 tempus
1206 1007 1442 1055 tantum
1463 1043 1478 1071 7
1520 998 1621 1056 sed
1653 1021 1919 1082 semper,
1951 1025 2253 1085 quousque
2283 1003 2498 1063 scilicet

359 1103 537 1153 erunt
565 1091 660 1152 vel
688 1101 892 1171 gentes
933 1091 1346 1152 convertendae
1373 1137 1389 1166 7
1434 1092 1531 1152 vel
1563 1105 1773 1173 gentes
1807 1117 2101 1159 conversae
2133 1100 2196 1157 in
2234 1099 2500 1158 doctrina

361 1186 544 1247 semel
571 1198 807 1269 accepta
845 1187 1283 1248 conservandae.
1326 1189 1449 1247 Hoc
1486 1201 1798 1271 propterea
1837 1193 2239 1271 magisterium
2262 1200 2397 1275 juge
2435 1216 2501 1254 ac

364 1295 721 1365 perpetuum
745 1305 870 1344 esse
890 1283 1086 1344 debet.
1113 1284 1377 1366 Apostoli
1391 1284 1486 1347 vel
1505 1284 1771 1368 discipuli
1790 1288 2025 1347 nonnisi
2047 1288 2182 1348 data
2207 1291 2502 1351 occasione

365 1381 789 1440 commentaria
824 1403 926 1440 sua
969 1380 1305 1440 ediderunt.
1354 1382 1507 1455 Quin
1543 1394 1603 1441 et
1637 1382 1746 1441 hoc
1777 1382 1981 1443 sedulo
2020 1384 2501 1446 animadverten-

367 1476 513 1535 dum
530 1489 641 1552 est7
668 1476 1063 1558 Evangelistas
1079 1478 1323 1537 minime
1340 1479 1401 1536 in
1419 1479 1618 1537 animo
1634 1477 1908 1538 habuisse
1924 1478 2184 1540 codicem
2200 1482 2501 1562 integrum

370 1584 428 1633 et
464 1573 798 1632 absolutum
824 1573 1039 1632 Christi
1068 1573 1350 1633 doctrinae
1390 1585 1450 1633 et
1488 1574 1685 1654 legum
1715 1576 2046 1657 posteritati
2088 1576 2356 1651 tradere7
2400 1577 2505 1636 sed

371 1670 864 1728 commentarium
883 1670 1218 1729 historicum
1239 1681 1531 1751 gestorum
1550 1670 1913 1730 etdictorum
1929 1671 2166 1746 Christi7
2189 1684 2248 1732 et
2263 1672 2501 1754 quidem

344 1751 566 1848 *neque
601 1767 898 1845 integrum
941 1788 1135 1848 neque
1174 1767 1500 1848 perfectum
1523 1813 1538 1842 7
1581 1766 1727 1827 adeo
1770 1779 1835 1827 ut
1873 1790 1998 1827 non
2035 1769 2260 1850 possint
2298 1768 2503 1828 haberi

371 1861 686 1942 Evangelia
708 1873 774 1920 ut
799 1861 981 1921 codex
1007 1872 1066 1921 et
1095 1885 1303 1922 norma
1328 1862 1535 1922 saltem
1562 1865 1816 1946 perfecta
1846 1875 1906 1924 et
1927 1864 2230 1946 adaequata
2260 1864 2505 1924 creden-

373 1957 585 2018 dorum
612 1970 673 2018 et
705 1957 1087 2038 agendorum.
1119 1960 1201 2018 Ex
1235 1981 1351 2041 quo
1376 1960 1639 2042 sequitur
1659 2006 1675 2036 7
1702 1959 2020 2020 Christum
2045 1982 2169 2019 non
2191 1959 2365 2019 aliam
2394 1982 2507 2022 vo·-

372 2054 550 2114 luisse
586 2054 855 2135 gentibus
899 2056 1021 2114 sive
1057 2056 1468 2116 convertendis
1508 2056 1630 2116 sive
1664 2056 1961 2118 conversis
2002 2056 2338 2139 relinquere
2383 2058 2505 2117 sive

375 2153 728 2210 constituere
756 2150 1021 2231 regulam
1066 2153 1399 2233 proximam
1434 2173 1638 2210 eorum
1659 2198 1674 2226 7
1715 2172 1842 2234 quae
1879 2162 1938 2211 et
1973 2152 2209 2211 credere
2246 2163 2305 2210 et
2340 2173 2507 2232 agere

375 2246 661 2307 deberent
680 2291 696 2321 7
726 2248 839 2306 nisi
864 2246 1162 2329 publicum
1183 2294 1198 2322 7
1222 2253 1360 2328 juge
1389 2269 1453 2307 ac
1483 2249 1687 2309 vivens
1721 2247 1980 2307 Ecclesiae
2002 2248 2417 2327 magisterium.

462 2344 556 2403 18.
602 2345 753 2402 Hinc
778 2356 943 2425 patet
964 2345 1109 2404 adeo
1139 2366 1472 2404 connexum
1510 2366 1633 2403 esse
1664 2355 1916 2424 systema
1962 2343 2320 2402 auctoritatis
2372 2347 2506 2403 cum

375 2442 498 2522 ipsa
517 2439 874 2501 revelatione
897 2487 912 2516 7
946 2453 1013 2499 ut
1028 2462 1261 2500 necesse
1279 2442 1353 2499 sit
1374 2487 1388 2514 7
1427 2442 1522 2501 vel
1541 2442 1776 2519 rejicere
1795 2461 2035 2499 omnem
2057 2439 2505 2514 revelationem7

376 2559 503 2619 quae
534 2548 746 2619 praeter
782 2538 1056 2597 veritates
1097 2537 1316 2596 ordinis
1351 2537 1631 2596 naturalis
1670 2538 1938 2619 imponat
1976 2536 2314 2596 hominibus
2353 2536 2502 2595 obli-

375 2633 670 2714 gationem
719 2633 998 2693 credendi
1046 2635 1321 2694 veritates
1367 2635 1860 2714 supernaturales
1916 2644 1976 2692 et
2029 2633 2303 2693 servandi
2359 2654 2508 2714 prae—

376 2741 543 2813 cepta
562 2735 827 2810 positiva
840 2775 862 2803 ,
887 2729 981 2792 vel
1003 2777 1017 2806 7
1060 2731 1105 2789 si
1128 2730 1225 2789 illa
1262 2729 1597 2789 admittitur
1619 2776 1633 2803 7
1664 2729 1885 2812 pariter
1911 2728 2224 2787 admittere
2249 2727 2509 2787 medium

376 2839 601 2886 certum
636 2839 697 2889 et
735 2837 930 2887 tutum
951 2874 966 2903 7
1005 2838 1065 2887 et
1102 2827 1343 2908 quidem
1365 2828 1585 2906 jugiter
1620 2847 2004 2908 perseverans
2025 2870 2040 2899 7
2078 2846 2194 2906 quo
2233 2827 2510 2886 veritates

375 2925 506 2985 illas
533 2938 592 2986 et
623 2939 912 3009 praecepta
940 2947 1285 3006 cognoscere
1309 2926 1577 2984 homines
1607 2923 1826 3005 absque
1852 2923 2063 2981 erroris
2095 2921 2350 3003 periculo
2378 2944 2513 3003 pos-

377 3023 514 3081 sint.
553 3024 676 3081 Hoc
714 3034 913 3082 autem
951 3045 1074 3081 non
1107 3033 1194 3082 est
1236 3023 1349 3081 nisi
1386 3021 1757 3080 auctoritates
1804 3040 1836 3076 a
1874 3021 1995 3077 Deo
2037 3018 2162 3100 ipso
2206 3018 2508 3093 instituta,

381 3140 591 3199 nempe
630 3118 876 3178 Ecclesia
896 3165 910 3191 7
944 3141 976 3177 a
1007 3141 1122 3200 qua
1151 3117 1463 3178 edocemur
1492 3129 1621 3175 tum
1641 3114 1819 3174 libros
1838 3160 1852 3189 7
1887 3136 2032 3195 quos
2055 3135 2278 3172 sacram
2313 3114 2508 3195 Scrip-

378 3225 573 3272 turam
590 3213 835 3273 dicimus
857 3261 872 3289 7
899 3225 957 3274 et
978 3236 1208 3275 veraces
1224 3226 1282 3274 et
1302 3214 1501 3275 divina
1522 3212 1904 3294 inspiratione
1929 3213 2289 3292 conscriptos
2309 3210 2500 3283 fuisse7

376 3319 505 3368 tum
546 3310 705 3368 hunc
753 3321 810 3369 et
846 3334 967 3369 non
1008 3311 1186 3369 alium
1231 3333 1353 3370 esse
1390 3332 1627 3369 sensum
1664 3307 1900 3367 illarum
1935 3308 2361 3367 sententiarum
2403 3327 2504 3363 seu

376 3405 692 3467 verborum
715 3452 730 3480 7
767 3428 896 3487 quae
924 3411 986 3465 in
1019 3407 1227 3466 iisdem
1258 3407 1659 3466 continentur.

462 3502 562 3563 19.
610 3502 740 3561 Tria
781 3503 978 3583 itaque
1015 3503 1299 3563 habemus
1347 3525 1418 3563 ex
1458 3500 1650 3562 verbis
1693 3500 1911 3558 Christi
1951 3523 1964 3559 :
2006 3502 2068 3559 10
2103 3496 2503 3558 immediatam

373 3591 712 3659 missione'm
756 3599 1159 3681 Apostolorum
1200 3600 1273 3660 ad
1311 3611 1511 3680 gentes
1553 3597 1881 3658 edocendas
1929 3600 1991 3657 in
2037 3597 2209 3656 rebus
2259 3594 2394 3653 fidei
2442 3604 2499 3651 et
