2554 4140
732 160 924 197 summa
968 159 1151 209 aroma
1189 157 1513 196 conctufflo,
2055 133 2172 193 201

79 299 154 360 ad
188 298 453 359 homines
484 298 862 359 retrahendos
902 319 936 357 a
968 295 1315 377 gravissimis
1354 316 1418 354 ac
1452 293 1939 376 perniciosissimis
1976 312 2180 353 recen-

79 395 204 454 sitis
241 393 530 453 erroribus
554 439 570 465 7
606 414 816 473 eosque
859 394 920 452 in
964 391 1148 450 officio
1185 390 1604 462 eontinend0s3
1642 390 1706 449 30
1743 389 1984 448 demum
2015 409 2085 447 ex
2114 407 2187 446 eo

81 489 241 570 quod
264 489 518 548 humana
540 489 684 546 ratio
699 530 723 559 ,
755 485 931 545 nullis
959 484 1194 544 aliunde
1224 482 1459 540 suffulta
1483 484 1758 563 praesidiis
1774 531 1788 557 7
1817 483 2038 544 motiva
2061 480 2185 540 suf-

82 584 334 642 ficientia
372 605 494 642 non
539 581 798 664 praebeat
843 578 920 637 ad
955 577 1220 636 homines
1258 578 1323 634 in
1360 576 1545 635 officio
1586 578 1966 636 continendos
2009 587 2189 657 atque

86 701 120 737 a
149 680 302 739 vitiis
340 677 718 738 retrahendos
766 675 941 734 etiam
974 674 1035 732 in
1079 673 1182 749 iis,
1227 694 1356 754 quae
1403 674 1655 732 naturali
1691 676 1929 733 rationis
1964 674 2189 732 lumine

85 774 346 854 cognosci
371 782 612 854 possunt
645 771 756 848 (l).

168 867 307 927 440.
350 867 452 925 His
485 865 808 924 constitutis
840 864 1314 943 investigavimus
1339 909 1356 939 7
1388 887 1464 923 an
1504 863 1702 923 divina
1739 862 1967 922 bonitas
1993 863 2191 922 homi-

89 984 192 1022 nes
215 966 276 1021 in
315 973 474 1020 tanta
502 962 841 1020 necessitate
874 962 1091 1042 positos
1124 960 1232 1019 sibi
1264 962 1401 1043 ipsis
1439 962 1679 1019 omnino
1717 959 2045 1042 permiserit
2065 1004 2082 1033 7
2116 981 2191 1018 an

88 1079 227 1118 vero
252 1057 541 1137 proposita
571 1056 925 1120 revelatione
966 1055 1172 1116 iisdem
1199 1056 1586 1128 consuluerit3
1628 1066 1802 1136 atque
1831 1053 2193 1113 ostendimus

88 1154 275 1211 Deum
309 1153 497 1232 reipsa
527 1150 861 1209 hominibus
896 1173 1018 1210 non
1060 1150 1342 1226 defuisse7
1390 1151 1494 1210 sed
1528 1172 1633 1232 per
1667 1150 1965 1209 Christum
2005 1147 2194 1230 potis-

89 1245 232 1304 sime
262 1257 461 1324 gentes
490 1267 692 1304 omnes
719 1244 795 1303 ad
821 1267 1023 1305 verum
1050 1246 1155 1305 Dei
1179 1245 1401 1304 cultum
1430 1257 1605 1327 atque
1632 1245 1706 1304 ad
1730 1266 1933 1303 sanam
1964 1243 2196 1303 ethicen

90 1361 406 1401 revocasse.
439 1341 707 1401 Divinam
743 1362 918 1421 porro
961 1362 1024 1399 ac
1064 1341 1566 1422 supernaturalem
1609 1340 1823 1399 Christi
1858 1339 2196 1398 missionem

92 1456 194 1493 seu
228 1434 595 1497 revelationis
628 1435 846 1496 factum
890 1446 1051 1494 extra
1083 1457 1323 1495 omnem
1357 1435 1735 1494 dubitationis
1774 1435 1961 1494 aleam
1994 1433 2198 1515 posui-

92 1551 223 1587 mus
269 1530 625 1608 argumentis
665 1530 990 1588 intrinsecis
1032 1541 1090 1589 et
1130 1531 1498 1608 extrinseciS,
1547 1531 1830 1590 vaticiniis
1870 1528 2085 1588 scilicet
2139 1537 2199 1586 et

94 1623 390 1682 miraculis
421 1646 453 1682 a
487 1623 714 1683 Christo
749 1626 990 1705 patratis
1011 1671 1026 1699 7
1058 1646 1123 1685 ac
1150 1628 1470 1705 praesertim
1495 1624 1735 1705 gloriosa
1762 1625 1941 1706 ipsius
1969 1645 2001 1682 a
2037 1644 2200 1682 mor-

94 1718 208 1775 tuis
257 1720 674 1777 resurrectione
694 1764 709 1791 7
749 1740 874 1800 quae
907 1721 1170 1778 omnium
1198 1722 1520 1779 maximum
1545 1733 1604 1780 et
1633 1719 1979 1779 miraculum
2006 1729 2066 1778 et
2094 1739 2201 1779 va-

93 1812 358 1870 ticinium
399 1813 510 1871 fuit
546 1824 605 1872 et
643 1825 968 1873 ceterorum
1008 1816 1274 1874 omnium
1304 1815 1467 1876 velut
1508 1816 1871 1874 confirmatio
1907 1825 2082 1894 atque
2121 1813 2201 1870 si-

94 1906 316 1985 gillum.
353 1909 423 1965 Et
454 1907 578 1967 haec
621 1908 858 1989 quidem
901 1910 1059 1990 quod
1093 1913 1307 1970 attinet
1347 1911 1421 1969 ad
1462 1922 1803 1992 argumenta
1839 1910 2198 1981 extrinseca3

96 2001 170 2060 ad
203 2002 435 2062 interna
474 2002 779 2062 retulimus
811 2007 1178 2066 sanctitatem
1217 2006 1559 2085 evangelicae
1607 2006 1915 2079 doctrinae7
1976 2023 2103 2085 quae
2141 2003 2204 2060 in

97 2118 326 2155 summo
357 2097 536 2177 gradu
572 2097 811 2177 gloriam
839 2102 944 2158 Dei
974 2113 1314 2180 promovet7
1356 2113 1530 2182 atque
1557 2102 1822 2160 omnium
1857 2111 1915 2158 et
1946 2097 2204 2177 singulo·

25 2241 27 2243 ,
98 2213 230 2250 rum
260 2191 565 2251 hominum
604 2193 915 2254 utilitatem
950 2218 1054 2277 per
1091 2198 1384 2276 integrum
1422 2208 1673 2277 systema
1713 2197 1791 2254 ita
1829 2215 2162 2254 connexum
2186 2238 2202 2267 7

99 2287 220 2346 sive
246 2307 316 2345 ex
339 2299 504 2368 parte
533 2291 838 2369 propositae
863 2290 1170 2364 doctrinae,
1202 2294 1324 2352 sive
1353 2313 1423 2351 ex
1457 2303 1624 2374 parte
1647 2291 2005 2350 motivorum
2034 2300 2208 2370 atque

96 2382 442 2457 sanctionis7
498 2395 563 2441 ut
604 2384 753 2443 nihil
807 2387 868 2444 in
916 2388 1042 2468 ipso
1087 2387 1401 2447 desiderari
1439 2389 1652 2469 possit,
1700 2385 1850 2445 nihil
1897 2386 2009 2468 ipsi
2050 2383 2206 2443 addi.

103 2476 467 2536 Subsidiariis
492 2478 775 2559 denique7
802 2482 850 2539 si
872 2482 952 2540 ita
979 2482 1138 2563 loqui
1160 2483 1243 2541 fas
1272 2495 1361 2542 est
1382 2528 1397 2556 7
1432 2483 1787 2562 argumentis
1808 2527 1823 2555 7
1854 2481 2048 2562 petitis
2082 2491 2211 2538 tum

100 2593 170 2631 ex
198 2572 528 2632 admirabili
554 2576 842 2654 religionis
871 2577 1195 2638 christianae
1219 2582 1633 2660 propagatione
1651 2623 1667 2653 7
1698 2590 1828 2636 tum
1855 2599 1925 2636 ex
1949 2574 2212 2653 ejusdem

99 2690 220 2726 non
253 2669 446 2728 minus
478 2670 799 2750 prodigiosa
831 2674 1272 2752 conservatione
1292 2718 1308 2746 7
1344 2686 1473 2732 tum
1502 2696 1572 2733 ex
1593 2685 1915 2752 martyrum
1946 2671 2214 2729 testimo-

103 2763 233 2836 nio,
286 2784 411 2844 quae
463 2764 734 2823 omnibus
788 2767 1073 2845 adjunctis
1127 2770 1429 2850 perpensis
1472 2791 1592 2827 non
1636 2776 1979 2848 competunt
2021 2785 2214 2844 neque

105 2870 432 2938 competere
486 2870 765 2939 poterunt
810 2883 1068 2942 unquam
1122 2864 1234 2920 nisi
1278 2864 1380 2920 uni
1423 2862 1634 2922 divinae
1677 2882 1741 2920 ac
1784 2858 2216 2942 supernaturali

105 2951 445 3012 revelationi
465 2997 480 3025 7
512 2974 613 3012 seu
644 2956 749 3012 uni
780 2954 1043 3034 religioni
1077 2956 1404 3015 christianae
1434 3002 1448 3031 7
1490 2957 1665 3015 talem
1694 2954 2055 3014 certitudinis
2084 2974 2217 3032 gra-

105 3044 247 3103 dum
281 3048 627 3125 adjecimus7
670 3062 735 3108 ut
771 3051 919 3109 nihil
957 3054 1165 3110 certius
1204 3075 1236 3111 a
1271 3052 1547 3134 prudenti
1590 3063 1649 3111 et
1683 3049 1922 3109 cordato
1953 3048 2216 3131 quolibet

107 3141 423 3202 desiderari
453 3147 651 3225 possit.
702 3149 837 3219 Quae
876 3147 1111 3228 quidem
1150 3150 1467 3229 posteriora
1503 3148 1613 3207 tria
1649 3156 1989 3228 argumenta
2014 3191 2029 3220 7
2072 3167 2221 3227 qua-x

107 3249 278 3295 tenus
303 3239 363 3296 in
392 3260 451 3298 se
484 3242 786 3301 continent
821 3254 995 3324 atque
1026 3243 1336 3303 includunt
1359 3244 1763 3304 vaticiniorum
1793 3242 2009 3302 Christi
2036 3240 2218 3299 adim-

108 3332 470 3414 plementum
498 3381 513 3410 7
571 3338 645 3397 ad
698 3340 1017 3399 extrinseca
1073 3341 1336 3422 superius
1395 3344 1673 3399 recensita
1729 3338 1990 3399 revocari
2052 3333 2225 3394 facile

110 3441 353 3508 possunt
381 3428 487 3510 (2)

185 3634 249 3697 (Ῑ)
286 3634 403 3698 Cap·
436 3652 504 3683 ¹¹¹·
1260 3640 1330 3702 (2)
1366 3639 1480 3704 Cap.
1514 3657 1569 3689 lv.
