2554 4140
603 174 750 212 paor.
800 175 906 213 v11.
958 176 1024 211 nn
1068 173 1216 211 srsr.
1266 169 1406 210 svm.
1449 172 1598 211 muv.
2024 148 2140 208 281

130 314 265 374 178.
315 315 448 373 Haec
475 314 653 393 magis
687 314 980 394 magisque
1023 311 1441 371 confirmantur
1471 333 1542 371 ex
1569 311 1831 371 doctrina
1858 321 1917 370 et
1937 308 2145 388 agendi

45 411 266 469 ratione
302 410 559 491 ipsorum
578 409 1059 468 protestantium.
1091 404 1325 485 Aliquot
1366 407 1524 484 enim
1560 406 1827 485 dogmata
1862 404 1935 464 ab
1980 403 2148 462 initio

44 506 241 582 rejecit
266 504 548 563 Lutherus
569 548 586 576 7
617 503 726 561 alia
746 501 979 581 negavit
1007 497 1281 557 Calvinus
1301 543 1318 571 7
1346 499 1453 557 alia
1483 501 1825 579 ZwingliuS,
1853 500 1962 558 alia
1991 501 2148 558 Ana-

45 598 311 679 baptistae
333 645 347 671 7
378 600 572 657 omnia
608 597 845 656 demum
867 598 1190 671 rejecerunt
1209 592 1496 650 Sociniani
1511 639 1526 667 7
1553 595 1944 669 Methodistae7
1966 594 2148 653 ratio-

45 694 301 767 nalistae,
329 693 544 752 deistae.
579 695 839 751 Pastores
873 691 1242 747 Genevenses
1279 685 1423 745 adeo
1462 686 1832 747 desciverunt
1857 711 1887 748 a
1920 688 2151 771 placitis

47 789 271 848 Calvini
293 832 309 861 7
340 799 407 846 ut
425 785 728 869 postremis
750 783 905 841 hisce
927 782 1096 840 annis
1120 780 1342 840 bellum
1361 827 1376 855 7
1411 780 1694 841 hactenus
1726 805 1843 842 non
1869 785 2147 864 sopitum,

45 884 339 944 moverint
366 880 638 940 adversus
665 878 927 936 doctores
960 888 1018 935 et
1041 877 1335 935 ministros
1361 875 1643 957 quosdam
1663 920 1679 950 7
1713 877 1813 958 qui
1831 921 1848 951 7
1874 898 1905 935 a
1932 899 2149 959 propo-

46 978 156 1036 sito
183 976 292 1035 sibi
313 985 621 1055 systemate
646 971 1006 1032 discedentes
1028 1017 1043 1046 7
1081 971 1304 1052 aliquot
1339 970 1608 1050 dogmata
1629 1014 1647 1042 7
1685 991 1776 1030 ex.
1809 992 1893 1050 gr.
1927 971 2151 1052 peccati-

46 1070 332 1151 originalis
353 1114 368 1143 7
402 1069 729 1142 Trinitatis,
767 1067 1100 1128 Divinitatis
1134 1065 1351 1125 Christi
1371 1110 1387 1141 7
1428 1064 1619 1124 adhuc
1655 1065 1906 1124 retinere
1940 1085 2005 1124 ac
2044 1063 2156 1124 de-

43 1166 280 1225 fendere
312 1164 674 1224 conabantur
694 1164 806 1245 (l).
1183 1158 1192 1165 ’

128 1260 265 1319 179.
314 1261 462 1318 Hinc
478 1261 537 1317 in
553 1259 959 1338 Recognitione
977 1257 1390 1341 protestantica
1408 1256 1920 1318 Protestantismus
1944 1255 2151 1315 defini·

40 1366 138 1414 tur
168 1377 183 1413 :
219 1356 407 1414 Actus
434 1355 908 1434 independentioe
939 1357 1195 1413 rationis
1241 1356 1527 1413 Immanae
1561 1358 1630 1411 in
1662 1355 1884 1432 neqotio
1911 1353 2159 1431 reliqio·

43 1455 143 1508 nis
176 1451 285 1528 (2)
322 1452 497 1508 Juxta
536 1448 918 1527 Anglicanum
953 1450 1195 1506 Watson
1219 1494 1236 1523 7
1270 1448 1787 1507 Protestantismus
1823 1457 1912 1505 est
1947 1457 2151 1514 actus,

42 1566 157 1624 quo
179 1550 316 1623 quis
340 1546 530 1603 credit
551 1545 854 1623 quidquid
876 1545 1007 1601 vult
1022 1586 1044 1614 ,
1074 1545 1459 1622 etprofitetur
1484 1543 1793 1622 quidquid
1809 1542 1999 1600 eredit
2022 1540 2151 1620 (3)3

42 1639 137 1698 vel
178 1651 352 1720 prout
394 1638 644 1698 traditur
696 1639 760 1698 in
818 1637 1167 1697 catechismo
1227 1637 1542 1718 Anglicano
1593 1658 1785 1718 nuper
1838 1633 2105 1714 evulgato
2132 1680 2148 1708 7

41 1734 571 1793 Protestantismus
601 1745 684 1793 est
710 1735 1006 1792 detestatio
1030 1738 1312 1812 papismi
1338 1731 1797 1812 (catholicismi)
1826 1741 1879 1790 et
1897 1734 2153 1789 exclusio

35 1834 419 1908 papistarum
439 1829 902 1908 (catholicorum)
918 1830 997 1886 ab
1013 1834 1182 1887 omni
1193 1829 1371 1906 officio
1391 1830 1772 1887 ecclesiastico
1787 1837 1842 1884 et
1853 1828 2022 1885 civili
2035 1826 2147 1904 (4);

32 1928 198 2000 juxta
235 1946 409 2004 quam
445 1924 844 1983 definitionem
866 1969 881 1996 7
917 1923 1050 1980 licet
1087 1925 1281 1981 omnia
1322 1924 1656 2001 rejiciantur
1684 1920 1818 1981 fidei
1844 1920 2149 2000 dogmata,

41 2029 100 2076 et
122 2020 314 2075 omnia
338 2018 755 2078 subvertantur
782 2018 1124 2076 moralitatis
1151 2019 1431 2099 principia
1455 2062 1469 2090 7
1509 2018 1830 2077 dummodo
1865 2016 2155 2094 rejiciatur

41 2112 282 2171 Ecclesia
322 2112 598 2172 catholica
623 2159 639 2187 7
685 2115 927 2195 quisque
961 2114 1179 2195 poterit
1218 2134 1340 2171 esse
1384 2114 1753 2186 Protestans7
1792 2110 2040 2192 ideoque
2092 2119 2152 2168 et

40 2208 75 2264 J
80 2207 278 2266 udaeus
297 2220 355 2287 et
373 2209 623 2267 Islamita
644 2254 659 2283 7
690 2210 887 2289 etipse
912 2208 1196 2267 ethnicus.
1230 2210 1298 2265 ln
1326 2207 1717 2266 controversia
1740 2226 1931 2287 nuper
1954 2203 2155 2263 habita

39 2302 98 2358 in
118 2304 427 2381 provinciis
449 2303 856 2364 confoederatis
880 2304 1148 2362 Americae
1171 2301 1639 2383 septentrionalis
1656 2323 1688 2360 a
1706 2298 2163 2377 Breckenridge7

39 2399 551 2458 Protestantismus
573 2399 876 2458 definitur:
901 2401 1134 2479 Reliqio
1155 2403 1486 2477 reformata
1500 2410 1554 2456 ec
1573 2404 1839 2477 opposita
1864 2397 2146 2458 Ecclesiae

37 2493 335 2551 catholica,²
362 2496 656 2553 Romanoe
676 2538 695 2567 ,
738 2497 940 2574 quoad
963 2496 1336 2563 doctrinam,
1380 2496 1818 2564 moralitatem,
1847 2496 2107 2572 reyimen
2135 2535 2158 2557 ,

38 2589 428 2666 disciplinam
464 2612 536 2648 ac
564 2595 831 2653 cultum:
865 2601 924 2648 et
952 2589 1089 2647 alibi
1124 2611 1137 2646 ε
1166 2590 1400 2667 Reliqio
1431 2590 1686 2646 revelata
1723 2609 1795 2646 ac
1832 2591 2154 2647 consistens

38 2701 175 2739 eum
214 2684 274 2740 S.
306 2685 644 2762 Scripturis
680 2694 991 2762 tamquam
1018 2686 1216 2743 unicis
1244 2684 1389 2761 fidei
1427 2703 1500 2740 ac
1516 2687 1739 2760 pramis
1773 2703 1876 2740 seu
1908 2703 2149 2740 morum

41 2780 290 2854 reyulis,
323 2789 379 2835 et
396 2800 531 2857 quoe
560 2789 765 2836 contra
788 2798 1014 2836 errores
1044 2788 1104 2836 et·
1119 2781 1527 2856 corruptiones
1552 2777 1830 2835 Ecclesiae
1855 2777 2150 2836 Romame,

110 2981 173 3044 (l)
213 2982 323 3031 Vid.
362 2982 537 3031 edictus
566 2993 748 3031 senatus
779 2986 1048 3047 genevensis
1132 2982 1269 3032 Juxta
1299 2982 1572 3031 Tzschirner
1599 2982 1904 3047 professorem
1928 2981 2148 3047 Lipsien-

41 3064 184 3110 iatum
217 3064 432 3112 adversus
461 3082 537 3112 eos
559 3101 572 3122 7
603 3082 718 3130 quos
757 3065 893 3130 vulgo
928 3083 1052 3113 nun·
1132 3083 1230 3114 sem
1260 3065 1668 3113 >Protestantismus
1703 3071 1772 3111 est
1814 3081 1884 3111 un
1919 3063 2150 3112 christia-

40 3154 211 3208 cupant
258 3147 495 3193 Inomiers
530 3182 545 3207 7
591 3149 641 3194 in
706 3144 855 3196 Mem.
921 3146 1049 3195 cath.
1137 3146 1475 3211 nismedeqaqe
1488 3146 1964 3211 deformesqenantes
1984 3163 1998 3209 ;
2020 3149 2151 3212 juxta

42 3226 178 3275 Fevr.
227 3223 373 3289 1824.
1135 3227 1376 3293 theologos
1426 3228 1672 3294 Tigurinos
1689 3266 1702 3289 ,
1749 3228 2153 3277 protestantismus

99 3308 172 3370 (2)
210 3307 369 3355 Revue
382 3317 685 3373 protestante.
1133 3315 1337 3360 consistit
1359 3316 1418 3358 in
1445 3310 1635 3377 triplici
1647 3310 1860 3359 libertate
1883 3315 2146 3371 examinis,

108 3388 175 3451 (3)
193 3388 329 3453 Apud
342 3390 642 3451 milner‚The
654 3391 748 3439 end
761 3391 821 3455 of
821 3391 1052 3456 reliqions
1134 3392 1547 3457 interpretationis
1581 3400 1626 3440 et
1647 3391 1863 3458 publicae
1885 3391 2150 3458 professio-

39 3479 342 3534 controversy
362 3507 376 3530 ,
398 3482 514 3535 part.
545 3473 574 3521 3
593 3509 607 3533 ,
637 3490 737 3539 pag.
776 3472 887 3522 125.
1134 3478 1216 3521 nis
1232 3493 1251 3531 ;
1279 3484 1328 3521 et
1351 3476 1411 3521 ita
1435 3491 1599 3538 porro,
1636 3474 1751 3523 adeo
1785 3485 1835 3522 ut
1855 3476 1968 3521 mira
1983 3475 2039 3520 sit
2059 3472 2153 3520 dis-

106 3552 169 3616 (Ιι)
218 3552 320 3600 The
340 3551 648 3617 protestant’s
676 3554 931 3603 catechism
952 3592 965 3613 ,
990 3555 1054 3620 by
1138 3557 1289 3604 sensio
1302 3557 1353 3604 in
1372 3558 1469 3621 ipsa
1484 3556 1845 3606 Protestantismi
1858 3555 2149 3604 definitione.

42 3633 115 3684 the
142 3634 328 3700 Bz'shop
361 3634 420 3699 of
445 3630 809 3695 Saint·Davit,
833 3655 937 3703 pag.
975 3653 1052 3687 12.
