2554 4140
301 154 421 214 312
944 173 1016 209 nn
1059 169 1209 210 VERA
1252 171 1376 208 nm..
1426 170 1559 211 Anv.
1604 169 1805 208 aaran.

307 316 593 377 divinitus
630 312 952 390 revelataS‚
991 334 1135 395 quas
1172 334 1206 372 a
1239 311 1474 372 Christo
1518 311 1765 372 Ecclesia
1808 313 2031 393 accepit
2063 311 2139 371 ad
2170 327 2431 396 posteros

305 407 791 471 transmittendas
844 419 906 468 et
963 408 1314 469 intemerate
1370 406 1686 469 servandas
1739 405 1814 466 ab
1870 406 2032 466 edaci
2085 421 2437 471 novatorum

306 508 523 580 dente,
571 515 749 587 prout
770 549 786 579 ,
823 503 1024 566 divina
1055 526 1167 586 ope
1192 503 1462 578 suffulta,
1504 502 1787 562 hactenus
1829 503 2100 584 praestitit
2129 549 2146 577 ,
2187 524 2254 563 ac
2286 527 2441 588 prae-

307 600 488 661 stabit
532 622 716 682 usque
762 599 838 659 ad
884 600 1452 660 consummationem
1498 599 1687 659 saeculi
1715 645 1731 674 ,
1768 603 1936 677 juxta
1978 598 2302 660 fundatoris
2353 603 2442 662 sui

311 697 786 781 pollicitationes,
819 696 989 771 Quod
1025 699 1237 756 attinet
1271 696 1346 755 ad
1380 698 1680 778 supposita
1726 698 1968 754 Patrum
2003 696 2245 757 inventa
2266 742 2283 771 ,
2326 719 2442 757 res-

310 794 545 878 pondeo
595 816 718 853 non
761 814 885 853 esse
928 794 1103 852 istam
1148 792 1266 851 nisi
1310 796 1624 873 gratuitam
1665 791 1980 854 adversarii
2031 793 2444 869 assertionem,

314 891 481 949 omni
527 888 872 948 destitutam
909 887 1331 963 fundamentO,
1375 888 1494 946 imo
1538 887 1714 969 plane
1765 888 2119 946 contrariam
2169 886 2444 947 omnibus

313 986 604 1046 historicis
647 985 1014 1046 documentis
1071 985 1160 1041 En
1215 981 1358 1063 quid
1415 982 1490 1043 de
1541 983 1802 1043 Ecclesiae
1857 983 2154 1044 Patribus
2170 988 2296 1062 jam
2347 1005 2451 1044 suo

241 1149 247 1156 ‚
317 1095 588 1164 tempore
622 1080 916 1162 scripserit
939 1080 995 1138 S.
1027 1078 1379 1158 Augustinus
1405 1099 1419 1135 :
1462 1078 1636 1157 Quod
1655 1082 2023 1138 invenerunt
2046 1084 2115 1137 in
2140 1082 2450 1154 Ecclesia,

319 1164 677 1246 tenuerunt,
726 1176 889 1254 quod
919 1175 1299 1243 didicerunt,
1332 1174 1696 1243 docuerunt,
1732 1176 1895 1253 quod
1927 1198 1967 1233 a
2009 1177 2311 1236 Patribus
2349 1199 2455 1236 ac-

318 1284 639 1354 ceperuut,
685 1272 790 1330 hoc
818 1272 964 1351 filiis
998 1270 1389 1331 tradiderunt
1423 1269 1550 1349 (l);
1598 1280 1659 1328 et
1693 1267 1865 1348 longe
1907 1281 2047 1329 ante
2097 1273 2153 1331 S.
2186 1273 2454 1353 Augusti-

321 1392 469 1429 num
505 1367 900 1429 Tertullianus
944 1366 1176 1427 dicebat
1212 1390 1226 1425 z
1276 1367 1635 1447 Quicunque
1674 1367 1787 1427 hac
1827 1369 2037 1447 requla
2083 1370 2421 1451 incedimus
2432 1412 2455 1442 ‚

321 1487 512 1547 quam
570 1465 846 1524 Ecclesia
900 1465 981 1523 ab
1037 1465 1393 1543 Apostoli3,·
1431 1465 1477 1523 A
1481 1466 1700 1542 postoli
1750 1485 1789 1521 a
1852 1463 2122 1533 Christe,
2186 1464 2459 1524 Christus

322 1585 363 1620 a
401 1563 523 1621 Deo
572 1561 871 1637 tradidit,
917 1570 1143 1618 constat
1177 1563 1336 1618 ratio
1363 1562 1666 1639 propositi
1703 1563 1899 1617 nostri
1930 1559 2055 1637 (2),
2107 1570 2167 1619 et
2210 1559 2290 1618 ita
2334 1560 2457 1620 dis-

326 1655 635 1737 tinguebat
665 1655 991 1715 Catholicos
1020 1654 1093 1714 ab
1129 1654 1418 1714 haereticis
1437 1701 1452 1729 .,
1491 1655 1591 1737 qui
1621 1654 1738 1713 suis
1768 1654 2127 1715 novitatibus
2153 1656 2458 1738 antiquam

331 1754 660 1813 doctrinam
704 1752 967 1811 Ecclesiae
992 1750 1290 1811 catholicae
1330 1763 1621 1811 temerare
1663 1749 1962 1810 audebant
1989 1796 2005 1826 7
2049 1763 2117 1810 ut
2151 1745 2493 1813 innumera

333 1848 620 1927 ejusmodi
659 1848 994 1907 testimonia
1036 1845 1410 1928 praeteream,
1455 1869 1586 1929 quae
1622 1846 2123 1929 impudentissimi
2170 1847 2460 1908 mendacii

333 1957 590 2027 arguunt
623 1945 1027 2007 adversarium
1056 1957 1328 2005 nostrum
1350 1991 1365 2020 .,
1403 1946 1505 2027 qui
1542 1946 1782 2004 nonnisi
1821 1946 2109 2027 imperitis
2146 1944 2340 2004 fucum
2379 1946 2464 2006 fa-

232 2087 234 2089 >
335 2064 466 2102 cere
496 2054 712 2124 potest.
742 2043 837 2128 *De
864 2040 1115 2100 formula
1143 2040 1460 2103 verborum
1483 2087 1499 2115 .,
1534 2063 1710 2122 quam
1741 2040 1946 2101 dicunt
1974 2062 2150 2102 sensu
2179 2062 2421 2102 vacuam
2445 2088 2461 2118 ,

333 2139 469 2198 satis
499 2138 873 2198 disseruimus
893 2183 910 2213 ‚
939 2160 1048 2196 nec
1085 2160 1232 2217 opus
1262 2149 1350 2196 est
1386 2136 1593 2197 eadem
1632 2136 1923 2196 refricare.

415 2233 560 2293 237.
613 2233 702 2293 Ad
734 2232 819 2291 4¹¹¹
847 2279 862 2308 7
905 2235 1065 2293 Dist.
1103 2232 1301 2306 Qualis
1333 2232 1436 2291 lux
1463 2253 1680 2315 nempe
1703 2238 1827 2312 jam
1852 2232 2150 2293 affulserat
2178 2234 2467 2294 Simonia-

338 2332 461 2404 niS‚
496 2328 831 2403 Nicolaitis7
884 2328 1207 2409 ceterisque
1242 2327 1654 2389 haereticorum
1691 2328 1950 2410 pestibus
1971 2375 1988 2405 7
2027 2351 2210 2411 usque
2244 2329 2319 2389 ad
2344 2331 2467 2388 Lu-

334 2425 574 2485 therum
610 2436 671 2483 et
708 2423 984 2504 deinceps
1006 2468 1022 2497 ‚
1066 2435 1167 2482 seu
1205 2445 1238 2481 a
1282 2422 1513 2482 diabolo
1556 2424 1801 2482 excitata
1825 2468 1842 2497 ‚
1886 2446 2084 2491 conc.;
2137 2426 2240 2484 lux
2274 2446 2404 2507 quae
2434 2446 2467 2483 a

336 2524 459 2582 Deo
484 2521 598 2595 sit,
631 2540 763 2600 neq.
810 2519 1048 2600 Optime
1080 2516 1471 2577 Tertullianus
1516 2540 1529 2575 :
1570 2519 1689 2577 Sed
1714 2523 2015 2597 quaeritur
2056 2542 2094 2578 a
2132 2542 2247 2599 quo
2286 2523 2466 2579 intel-

338 2618 518 2676 lectus
536 2619 963 2694 interpretetur
983 2635 1227 2685 eorum,
1261 2636 1396 2692 quoe
1421 2615 1507 2672 ad
1532 2614 1774 2673 haereses
1792 2614 2081 2693 faciant?
2119 2616 2169 2676 A
2199 2617 2460 2690 diaholo,

334 2717 512 2791 cujus
541 2722 687 2770 sunt
720 2722 924 2790 partes
967 2710 1402 2769 intervertendi
1439 2715 1745 2769 veritatem
1778 2710 1891 2789 (3).
1933 2711 2145 2770 Mirum
2189 2732 2327 2772 sane
2374 2702 2464 2772 est

341 2808 645 2869 Christum
683 2805 942 2867 Ecclesiae
978 2826 1092 2866 suae
1123 2828 1258 2865 non
1296 2807 1663 2890 prospexisse
1698 2807 1810 2865 nisi
1851 2828 1882 2866 a
1922 2818 2186 2890 tempore
2228 2809 2469 2869 Lutheri

340 2909 583 2986 ejusque
641 2904 928 2964 sociorum
994 2902 1413 2985 perduellionis
1469 2915 1530 2963 et
1587 2903 1889 2986 apostasiae
1947 2924 2055 2963 nec
2111 2914 2279 2963 antea
2335 2927 2473 2985 cog-

339 3001 537 3060 nitum
574 3001 749 3059 fuisse
775 2999 1132 3082 principium
1160 2998 1616 3079 regenerationis
1647 3019 1755 3080 per
1785 2998 2074 3059 sexdecim
2105 3000 2329 3079 integra
2359 3021 2467 3060 sae·

342 3095 489 3155 cula.
532 3096 811 3178 Apposite
842 3117 1076 3154 rursum
1124 3094 1516 3155 Tertullianus
1556 3117 1570 3153 :
1608 3095 1795 3177 ‘Quod
1827 3097 1995 3174 apud
2027 3098 2242 3155 multos
2274 3118 2474 3176 mium

343 3194 660 3250 invenitur
699 3212 821 3250 non
865 3202 949 3250 est
982 3201 1259 3251 erratum
1294 3193 1398 3250 sed
1433 3192 1751 3250 traditum.
1791 3193 2036 3250 Audeat
2073 3215 2210 3272 erqo
2247 3194 2473 3271 aliquis

341 3283 538 3346 dicere
570 3289 700 3346 illos
726 3309 956 3347 errasse
988 3291 1102 3367 qui
1124 3286 1561 3347 tradiderunt?
1602 3288 2018 3366 Quoquomodo
2050 3282 2471 3359 sitem-atum,

342 3383 585 3441 tamdiu
630 3385 839 3461 utique
881 3386 1162 3465 reynavit
1200 3404 1403 3461 error,
1460 3383 1762 3464 quamdiu
1804 3383 2048 3443 lzoereses
2101 3406 2224 3444 non
2266 3395 2463 3444 eraut.

413 3590 483 3652 (1.)
499 3588 610 3640 Lib.
628 3605 682 3651 n,
707 3588 886 3638 Contra
905 3590 1189 3657 lulianum,
1209 3612 1261 3643 n.
1281 3589 1363 3657 34,
1516 3591 1582 3654 (2)
1619 3588 1690 3639 De
1718 3585 1998 3658 Proescript.
2026 3609 2128 3658 cap.
2161 3592 2246 3657 37-

345 3682 454 3722 tom.
475 3690 503 3722 x
524 3710 538 3736 ,
571 3673 683 3724 edit.
714 3670 868 3724 Maur.
1518 3672 1587 3736 (3)
1623 3673 1745 3723 lbid.
1771 3691 1876 3740 cap.
1918 3690 1995 3725 ιι.
