2554 4140
2052 167 2172 228 265

830 191 985 228 faor.
1034 191 1110 228 vl.
1157 191 1224 227 ns
1264 182 1433 228 scer.'

69 348 266 387 versus
291 326 608 407 legitimam
639 327 1074 401 auctoritatem,
1102 327 1382 388 divinitus
1403 330 1733 390 institutam
1758 329 1831 389 ad
1855 329 2034 390 fidem
2062 329 2173 390 do-

67 422 312 480 cendam
333 468 348 496 .
389 423 824 505 propagandam
872 435 1047 504 atque
1080 422 1428 506 intemerate
1475 425 1824 485 servandam
1870 446 2053 507 usque
2096 425 2173 484 ad

69 523 630 580 consummationem
654 520 881 594 saeculi,
923 540 1098 600 quam
1123 518 1304 577 solam
1336 541 1461 580 esse
1486 521 1795 582 Ecclesiam
1830 522 2173 582 catholicam

70 615 419 693 praecedenti
453 616 848 698 propositione
889 611 1248 672 ostendimus
1278 658 1294 686 ,
1348 623 1416 671 ut
1454 635 1557 673 sua
1600 618 1837 697 propria
1878 628 2174 678 sectentur

69 707 274 787 placita
310 711 433 791 (1).
1512 781 1520 787 ‚

154 803 288 862 142.
339 804 630 877 Christum,
657 813 723 861 ut
752 802 1004 865 vidimus
1028 847 1044 877 .,
1072 801 1179 861 soli
1195 801 1456 863 Ecclesiae
1477 848 1492 877 .,
1524 825 1740 886 nempe
1766 806 2035 878 docenti,
2063 829 2096 866 a
2112 823 2176 867 se

68 896 344 957 institutae
384 898 716 956 missionem
759 896 924 956 dedit
951 943 967 972 .,
1016 918 1262 979 eamque
1303 910 1652 981 perpetuam
1695 900 1998 959 constituit
2038 900 2176 962 fidei

67 991 474 1074 depositariam
491 1013 555 1051 ac
574 992 912 1071 magistram
936 993 1156 1051 cunctis
1181 992 1469 1072 gentibus,
1503 993 1747 1054 Ecclesia
1774 993 1883 1054 hac
1901 994 2175 1056 facultate

64 1097 235 1145 utens
267 1107 372 1167 per
396 1107 532 1146 suos
558 1087 853 1146 ministros
877 1087 1278 1149 auctoritative
1299 1133 1316 1163 ,
1343 1100 1410 1147 ut
1432 1089 1743 1170 praefertur
1762 1135 1779 1164 ,
1805 1078 1907 1149 seu
1934 1090 2176 1150 nomine

64 1179 240 1261 ipsius
255 1179 493 1256 Christi,
514 1183 719 1263 quovis
744 1193 1010 1264 tempore
1027 1181 1298 1241 omnibus
1312 1182 1581 1263 gentibus
1604 1183 1714 1243 sibi
1735 1184 2173 1245 commendatas

65 1276 345 1335 veritates
368 1277 577 1353 tradit,
608 1299 673 1336 ac
696 1300 828 1337 suos
851 1278 998 1337 filios
1024 1276 1248 1338 edocet.
1279 1279 1429 1338 Hinc
1456 1280 1605 1338 sicut
1627 1278 1886 1339 Ecclesiae
1918 1279 2175 1339 officium

64 1391 129 1429 ac
166 1392 380 1430 munus
408 1384 496 1431 est
520 1374 750 1444 docere,
791 1373 873 1432 sic
906 1373 1269 1453 privatorum
1300 1384 1390 1432 est
1413 1374 1616 1432 doceri
1646 1384 1705 1433 et
1738 1376 2002 1447 credere,
2033 1397 2135 1435 seu
2156 1420 2174 1447 .,

63 1476 130 1523 ut
165 1465 423 1545 loquitur
459 1466 765 1548 Apostolus
785 1512 801 1541 .,
849 1472 919 1525 in
951 1471 1360 1546 captivitatem
1401 1470 1666 1550 redigere
1706 1471 2066 1530 intellectum
2103 1474 2176 1530 in

64 1560 409 1639 obsequium
437 1561 751 1642 Cho-istim
769 1562 898 1622 Cor.
922 1561 984 1642 5)
1001 1607 1017 1635 .‚
1049 1583 1151 1621 seu
1171 1562 1305 1622 fidei
1323 1562 1680 1641 christianae,
1705 1576 1765 1625 et
1783 1566 2020 1624 obedire
2030 1567 2179 1645 fidei

63 1653 268 1731 (Rom.
301 1655 325 1712 I
352 1699 367 1728 .,
401 1653 438 1711 5
458 1666 517 1714 et
537 1655 673 1716 alibi
702 1657 982 1738 passim).
1015 1657 1181 1717 Fides
1203 1657 1451 1739 proinde
1479 1680 1581 1718 seu
1610 1660 1820 1720 veritas
1847 1665 2176 1721 necessario

63 1769 91 1806 a
117 1747 369 1828 legitima
403 1752 741 1811 auctoritate
765 1763 853 1810 est
875 1752 1001 1831 (2);
1033 1752 1269 1813 haeresis
1299 1765 1501 1813 contra
1528 1775 1631 1814 seu
1660 1775 1822 1814 error
1847 1762 2174 1816 necessario

62 1865 91 1901 a
130 1844 336 1925 spiritu
385 1845 614 1926 privato
651 1846 786 1906 huic
819 1846 1086 1927 legitimae
1126 1848 1454 1908 auctoritati
1492 1850 1778 1931 opposit0.
1809 1851 1947 1911 Haec
1976 1862 2175 1911 autem

63 1940 347 2020 oppositio
365 1961 437 1999 ex
455 1953 620 2022 parte
635 1941 848 2001 horum
866 1944 1228 2024 privatorum
1246 1942 1555 2002 hominum
1585 1946 1904 2022 necessario
1925 1944 2175 2005 includit

62 2173 249 2219 rationis
304 2175 502 2238 propriae
553 2173 765 2222 adversus
814 2173 1067 2239 legitimam

61 2256 377 2303 auctoritatem
411 2273 438 2303 a
473 2254 655 2304 Christo
689 2259 943 2304 institutam
971 2293 986 2317 ,
1021 2256 1071 2304 id

61 2344 123 2382 est
146 2373 158 2394 ‚
184 2335 433 2385 Ecclesiam
448 2338 721 2386 catholicam
740 2355 754 2402 3
775 2340 883 2387 hinc
900 2339 1068 2388 factum

60 2426 125 2464 est
146 2428 197 2464 ut
225 2417 526 2468 Bellarminus
545 2456 560 2482 ‚
580 2419 787 2469 Becanus
803 2457 818 2480 ,
846 2420 1037 2472 Bossuet
1053 2460 1067 2483 ‚

59 2508 147 2547 etc.
167 2499 337 2566 aliique
352 2505 708 2551 controversistae
721 2521 964 2570 nunquam
980 2508 1072 2553 im·

60 2585 358 2644 pugnaverint
400 2585 634 2631 rationem
678 2583 1030 2634 individualem
1052 2623 1067 2645 ‚

61 2661 138 2732 sed
163 2680 341 2729 semper
370 2665 596 2730 spiritum
618 2668 868 2730 privatum
894 2666 1071 2716 Protes-

61 2746 276 2793 tantium.

130 2825 191 2888 (l)
221 2825 290 2873 En
306 2827 442 2875 verba
462 2865 476 2888 ‚
495 2827 666 2893 quibus
679 2827 959 2893 Hegesippus
972 2846 1067 2878 om·

62 2908 192 2955 nium
246 2910 475 2958 haereseon
531 2912 754 2975 originem
810 2911 1010 2960 declarat
1050 2929 1066 2961 ε

54 2985 278 3044 ‘Exue-voe
318 2989 444 3045 >sla-15
482 2989 559 3041 aa)
603 2991 751 3060 ἑτέρως
781 2991 900 3043 ἰδίειν
935 2982 1067 3057 difien

62 3071 431 3137 παρυωῖγαιγενς
458 3075 507 3122 id
534 3086 630 3137 est,
670 3076 776 3144 Qui
804 3079 818 3140 (
841 3078 1064 3143 haeretici)

60 3156 253 3202 seorsim
282 3155 466 3220 singuli
474 3160 700 3223 proprias
718 3161 967 3224 opiniones
983 3162 1064 3208 in-

62 3238 319 3286 duxerunt.
364 3238 501 3303 Apud
555 3239 666 3289 Eus.
719 3241 860 3291 Hist.
906 3242 1062 3292 eccles.

62 3319 147 3367 lib.
172 3336 235 3378 iv,
261 3336 302 3367 c.
339 3335 401 3368 22
422 3357 435 3380 ,
471 3322 552 3386 qui
597 3332 810 3388 praeterea
842 3323 978 3373 refert
1012 3345 1066 3375 ex

63 3402 224 3449 eodem
259 3400 516 3467 Hegesippo
535 3439 549 3464 ,
573 3407 653 3470 qui
677 3405 830 3462 floruit
859 3407 945 3455 sub
971 3406 1067 3457 Im-

63 3487 265 3547 peratore
282 3482 531 3545 Hadriano,
556 3487 726 3550 ipsum,
747 3505 854 3536 cum
871 3488 1067 3539 Romam

64 3566 423 3629 proficisceretur
453 3604 466 3626 ‚
513 3563 756 3619 Plurimos
802 3569 1071 3639 Episcopos

62 3646 238 3696 adiisse
252 3684 266 3710 ,
283 3658 324 3697 et
346 3648 406 3697 ab
423 3650 642 3698 ommbus
668 3667 815 3702 unam
842 3654 1071 3704 eamdem-

1157 2189 1246 2237 que
1261 2172 1503 2222 audivisse
1517 2172 1920 2238 doctrinam3‘0r1
1945 2173 2022 2232 τὼ
2041 2174 2173 2233 auris

1158 2252 1279 2322 πειραὶ
1326 2254 1499 2320 πάντων
1556 2255 1815 2324 παρέιληφι
1862 2256 2174 2310 >adua-zuzim

1156 2336 1348 2388 inova-ou
1371 2336 1502 2398 γε’τοι
1528 2337 1720 2406 τείρεα-τι
1739 2379 1753 2402 ,
1779 2351 1866 2390 etc.
1898 2341 2032 2391 Unde
2055 2353 2177 2408 patet

1159 2431 1374 2484 perpetua
1400 2424 1552 2470 unitas
1582 2426 1633 2470 in
1669 2422 1871 2472 Ecclesia
1915 2425 2138 2474 catholica
2158 2461 2172 2485 ,

1159 2504 1382 2552 dissensio
1422 2515 1466 2552 et
1497 2504 1668 2554 divisio
1696 2517 1915 2572 perpetua
1949 2509 2000 2555 in
2042 2509 2175 2557 sectis

1158 2585 1560 2636 heterodoxorum.

1226 2667 1292 2731 (2)
1328 2667 1546 2745 Praeclare
1567 2668 1620 2718 S.
1647 2668 1926 2735 Augustinus
1942 2706 1958 2730 ,
1981 2671 2068 2719 lib.
2099 2670 2175 2719 De

1099 2808 1103 2811 Α
1155 2747 1365 2797 utilitate
1403 2750 1661 2811 credendi,
1709 2769 1813 2816 cap.
1846 2768 1891 2799 ix
1910 2786 1924 2811 ,
1952 2769 2061 2800 cum
2085 2753 2176 2801 hoc

1155 2831 1276 2878 inter
1310 2830 1562 2880 Ecclesiam
1604 2833 1878 2881 catholicam
1909 2841 1956 2882 et
1997 2834 2176 2883 haereti·

1155 2929 1232 2961 cos
1270 2913 1455 2963 dixisset
1484 2932 1580 2963 esse
1606 2916 1852 2964 discrimen
1877 2953 1891 2974 ,
1927 2916 2055 2983 quod
2086 2917 2174 2967 Ec-

1154 2995 1289 3044 clesia
1318 2996 1538 3045 catholica
1568 2998 1861 3046 venientibus
1896 2999 1955 3047 ad
1982 3017 2030 3048 se
2057 3015 2175 3065 prae·

1153 3079 1294 3142 cipiat
1323 3077 1464 3126 fidem
1484 3115 1497 3138 ‚
1517 3078 1717 3128 haeretici
1739 3090 1892 3129 autem
1909 3083 2176 3145 promittant

1153 3161 1400 3219 rationem.
1421 3160 1658 3208 concludit
1679 3178 1692 3209 ε
1715 3162 1846 3210 Vera
1861 3161 2051 3227 reliqzb,
2073 3165 2175 3211 nisi

1151 3240 1409 3289 credantur
1433 3257 1490 3289 ea
1505 3276 1521 3302 ‚
1551 3259 1658 3307 quoe
1681 3245 1880 3309 quisque
1891 3253 2058 3310 postea
2077 3283 2091 3306 ‚
2129 3248 2177 3293 si

1151 3339 1200 3370 se
1231 3322 1346 3370 hene
1377 3326 1574 3387 qesserit
1604 3323 2072 3391 diqnusquesuerst,
2093 3343 2175 3374 as-

1152 3414 1378 3470 sequatur
1401 3414 1541 3472 atque
1573 3409 1852 3475 percipiat,
1892 3417 1937 3457 ct
1973 3410 2172 3458 omuino

1149 3489 1253 3536 sine
1273 3489 1476 3553 quodam
1489 3492 1632 3555 qravi
1648 3493 1949 3540 auctoritatis
1966 3492 2172 3556 imperio

1153 3571 1278 3618 iniri
1291 3579 1410 3618 recte
1425 3571 1556 3622 mdlo
1575 3582 1720 3639 pacto
1728 3581 1900 3639 potest.
1924 3572 2000 3622 ed.
2021 3571 2168 3621 Maur.

1155 3662 1270 3703 tom.
1301 3669 1408 3703 vm.
