2554 4140
283 85 398 146 180
940 105 1008 140 nn
1053 101 1204 143 VERA
1248 103 1367 141 mn„
1421 102 1553 143 Anv.
1604 104 1757 142 mcii.

283 251 415 311 ideo
451 247 604 308 mala
632 247 744 306 dici
785 244 1010 306 debent
1038 268 1102 305 ac
1140 246 1303 324 rejici
1345 247 1546 329 paniS‚
1592 247 1798 306 vinum
1833 247 2062 331 aliaque
2099 251 2419 312 alimenta?

287 346 490 407 Plures
522 343 796 426 pecunias
820 341 994 400 falsas
1014 354 1451 425 supposuerunt
1473 388 1488 417 7
1512 343 1660 424 quin
1688 353 1887 403 tamen
1919 346 2179 425 pecuniae
2205 369 2238 410 e
2266 369 2421 408 com-

278 442 494 505 mercio
523 438 769 499 sublatae
799 438 939 497 sint.

360 537 499 596 409.
548 537 694 594 Inst.
738 535 796 593 Si
840 533 1040 614 religio
1083 534 1402 594 christiana
1451 534 1653 595 divina
1696 535 1934 608 virtute
1960 534 2262 612 subsistit,
2311 558 2414 598 cur

279 637 456 717 igitur
480 633 814 716 principum
840 643 1132 714 potestate
1159 632 1438 691 innititur
1460 678 1475 706 ·,
1513 653 1620 691 cur
1655 643 1743 691 tot
1777 632 2092 691 tribunalia
2128 633 2435 709 instituit3·

279 755 382 792 cur
419 729 674 791 Concilia
710 726 968 788 celebrat
993 774 1009 803 .,
1058 727 1286 809 aliaque
1330 729 1642 788 innumera
1686 727 1952 810 praesidia
1995 729 2206 811 quaerit
2241 729 2317 789 ad
2362 750 2423 791 se

277 826 634 888 tutandam?

361 923 503 983 410.
553 925 730 1003 Resp.
782 921 927 994 Quia
971 920 1158 979 virtus
1190 931 1250 978 et
1292 919 1664 1000 providentia
1699 921 1899 983 divina
1930 922 2191 982 humana
2230 922 2424 984 media

280 1044 404 1081 non
448 1017 708 1078 excludit
742 1014 819 1075 ad
862 1017 1046 1074 finem
1080 1037 1254 1073 suum
1292 1013 1712 1076 obtinendum.
1753 1021 1907 1078 Deus
1944 1021 2216 1100 promisit
2253 1018 2424 1079 nobis

281 1138 500 1201 panem
526 1111 938 1195 quotidianum
959 1157 977 1186 ,
1012 1131 1190 1192 quem
1216 1121 1418 1169 tamen
1440 1133 1563 1168 non
1589 1111 1815 1172 desides
1841 1126 1900 1173 et
1922 1116 2095 1174 otiosi
2117 1127 2425 1197 expectare

278 1212 383 1274 sed
406 1209 667 1293 quotidie
695 1206 769 1266 ab
799 1208 927 1289 ipso
949 1217 1151 1288 petere
1177 1205 1486 1266 debemuS.
1522 1208 1800 1267 Ceterum
1825 1208 1900 1268 de
1925 1212 2261 1292 principum
2283 1233 2424 1293 pro-

278 1309 534 1368 tectione
554 1352 570 1381 .,
613 1306 686 1364 de
710 1303 1105 1365 tribunalibus
1134 1304 1274 1363 satis
1308 1304 1565 1364 diximus
1586 1350 1604 1379 ,
1643 1326 1719 1364 ne
1745 1304 1951 1364 eadem
1976 1327 2290 1387 recoquere
2319 1306 2425 1366 de-

279 1405 545 1465 beamus,
584 1405 719 1461 Haec
747 1411 944 1460 tamen
969 1401 1177 1482 hisque
1213 1399 1424 1459 similia
1455 1400 1648 1460 media
1680 1400 1911 1460 inutilla
1939 1401 2133 1460 forent
2152 1446 2169 1475 .,
2197 1402 2244 1459 si
2272 1403 2441 1461 Deus

280 1523 515 1561 causam
534 1522 701 1559 suam
722 1499 968 1558 minime
993 1497 1369 1574 defenderet,
1397 1508 1463 1555 ut
1480 1509 1644 1579 patet
1660 1519 1732 1557 ex
1748 1497 2074 1557 defectione
2099 1510 2389 1557 sectarum
2407 1504 2443 1572 ,1

282 1600 387 1659 etsi
419 1597 617 1680 plures
648 1597 869 1656 fuerint
894 1594 1169 1654 omnibus
1191 1594 1284 1653 his
1320 1593 1525 1653 mediis
1557 1593 1793 1653 abunde
1816 1594 2133 1653 instruct-ae.

1086 1799 1501 1854 PROPOSITIO
1543 1802 1609 1857 V.

287 1967 787 2027 Chrzstzauorum
809 1973 993 2021 mart
971 1984 1162 2042 Jrum
1185 1965 1632 2038 testimoniam
1661 1965 1946 2023 omnebus
1968 1986 2094 2041 ejus
2118 1965 2427 2044 adjunctas·

353 2083 706 2143 perpenszs,
740 2060 1191 2118 valedissimum
1226 2062 1411 2117 etiam
1445 2070 1529 2118 est
1562 2060 1791 2120 dimna»
1828 2081 1901 2119 ao
1932 2067 2427 2140 supernaturalis

369 2159 595 2216 Chrzsti
621 2159 928 2216 missioms
971 2166 1424 2235 aryumeretam.

367 2363 506 2422 411.
530 2404 533 2408 -
561 2362 826 2421 Christus
850 2383 974 2420 non
996 2360 1186 2420 solum
1208 2360 1502 2441 religionis
1519 2383 1637 2421 suae
1662 2363 2141 2445 propagationem
2161 2375 2219 2423 et
2242 2364 2427 2425 incre-

284 2473 560 2522 mentum
595 2457 976 2540 ejusdemque
1001 2469 1351 2541 perpetuam
1382 2460 1890 2519 conservationem
1923 2460 2268 2519 vaticinatus
2299 2472 2387 2520 est
2407 2507 2423 2537 7

286 2558 389 2618 sed
424 2556 698 2640 praedixit
743 2566 1026 2637 praeterea
1081 2555 1463 2614 imminentes
1486 2602 1502 2630 a
1553 2555 1772 2614 futuras
1795 2602 1810 2630 ,
1854 2577 1919 2615 ac
1958 2557 2267 2615 continuas
2298 2578 2437 2639 per—

290 2649 615 2715 secutiones
638 2699 652 2726 .,
694 2673 805 2710 nec
835 2674 959 2710 non
999 2651 1422 2733 discipulorum
1459 2673 1698 2710 suorum
1733 2653 2125 2711 constantiam
2149 2698 2164 2727 .,
2200 2653 2435 2711 fortitu-

286 2753 492 2812 dinem
514 2760 690 2832 atque
720 2748 1030 2809 victoriam
1064 2771 1078 2806 ε
1123 2750 1201 2807 Sz‘
1221 2749 1494 2807 mundus
1525 2771 1619 2808 vos
1643 2750 1803 2821 odit,
1830 2748 2164 2831 inquiebat,
2202 2753 2432 2821 scitote,
2493 2793 2500 2801 .

282 2854 434 2930 quia
471 2871 560 2907 me
592 2853 872 2928 priorem
913 2848 1075 2906 vobis
1120 2847 1249 2906 odio
1293 2847 1513 2906 hahuit
1561 2845 1773 2925 (Joan.
1816 2848 1949 2922 XV,
1995 2846 2145 2924 18);
2194 2847 2436 2926 Absque

283 2966 588 3026 synayoya
614 2947 850 3022 facient
879 2965 977 3002 vos
995 2967 1014 3010 ,·
1049 2944 1153 3002 sed
1184 2947 1347 3002 venit
1379 2944 1529 3002 hora
1553 2990 1569 3016 ‚
1619 2954 1690 3001 ut
1724 2948 1914 3003 omnis
1929 2988 1951 3014 ,
1997 2946 2110 3023 qai
2149 2944 2437 3022 interficit

286 3064 385 3102 vos
400 3087 421 3114 ,
460 3043 797 3100 arbitretur
825 3043 1177 3120 obsequium
1201 3063 1258 3100 se
1278 3052 1576 3120 praestare
1598 3043 1722 3100 Deo
1756 3042 1778 3119 (
1802 3041 1838 3099 J
1842 3062 1973 3099 oan.
2009 3041 2138 3100 XVI
2157 3086 2174 3115 ‚
2198 3039 2311 3121 2);
2353 3041 2434 3100 In

289 3139 519 3197 mundo
552 3159 915 3215 pressuram
945 3139 1278 3211 habebitis,
1328 3138 1433 3196 sed
1463 3138 1740 3216 confidite
1766 3181 1782 3211 ,
1826 3158 1924 3216 eqo
1963 3142 2088 3196 υἱοί
2129 3138 2433 3196 mundum

287 3233 478 3313 (lbid.
525 3233 602 3292 33
629 3235 690 3311 ):,
736 3234 937 3293 Eritis
975 3235 1136 3293 mihi
1171 3244 1335 3293 testes
1357 3238 1424 3292 in
1449 3235 1790 3294 Jerusalem
1826 3244 1882 3291 et
1913 3238 1980 3291 in
2010 3238 2184 3292 omni
2209 3234 2433 3293 Judoea

287 3343 345 3391 et
372 3333 669 3390 Samaria
691 3340 746 3387 et
768 3351 956 3410 usque
993 3331 1080 3388 ad
1113 3332 1405 3389 ultimum
1434 3340 1610 3388 terrae
1645 3329 1668 3407 (
1692 3330 1816 3387 Act.
1853 3329 1914 3402 I,
1945 3327 2053 3409 8);
2100 3330 2209 3388 Vos
2227 3338 2431 3387 autem

290 3441 457 3490 testes
484 3432 620 3488 estis
649 3429 867 3486 horum
888 3428 1061 3507 (Luc.
1090 3428 1275 3489 XXIV
1296 3474 1311 3502 ,
1340 3427 1455 3507 48)
1474 3452 1490 3500 ς
1519 3426 1674 3486 Eece
1696 3446 1794 3505 eqo
1816 3429 1986 3484 mitto
2010 3446 2105 3484 vos
2123 3428 2283 3483 sicut
2302 3443 2430 3482 oves

287 3531 359 3585 in
387 3526 581 3584 medio
614 3526 969 3603 luporum...
995 3535 1188 3584 cavete
1218 3535 1421 3583 autem
1446 3523 1527 3581 ab
1557 3522 1929 3581 hominibus.
1976 3521 2244 3580 Tradent
2264 3522 2427 3577 enim

289 3645 385 3682 vos
423 3626 491 3681 in
529 3622 839 3696 conciliis,
886 3631 942 3679 et
982 3626 1047 3679 z‘n
1088 3623 1409 3702 synagogis
1441 3624 1603 3692 suiS,
1641 3618 2046 3699 flaqellabunt
2084 3637 2214 3682 v082·
2252 3626 2308 3674 ec
2347 3615 2435 3674 ad
