2554 4140
414 207 533 244 ost.
580 206 657 244 Π.
707 207 774 242 ΒΕ
817 203 990 242 mus-r.
1035 203 1148 243 mv.
1200 205 1268 240 Ac
1312 202 1620 240 SUPERNAT.
1669 200 1799 240 Rev.
2048 179 2157 237 101

56 349 248 424 saicae,
291 349 438 425 finis
481 353 642 406 em'm
689 348 860 424 leqise
890 334 1177 403 Christus
1214 342 1304 420 (l)
1327 386 1341 414 7
1401 355 1461 400 et
1504 354 1728 402 certum
1776 342 1960 401 unicae
2009 341 2170 400 illius

55 464 202 505 verae
238 442 562 521 religionis7
611 455 739 520 quae
781 461 812 496 a
852 431 1059 495 mundi
1105 434 1556 515 primordiis‘ad
1598 440 2169 497 consummationem¹

56 531 237 618 usque
273 537 610 596 saeculorum
653 534 789 592 sese'
823 523 1121 602 extendit7
1163 550 1457 610 quemque
1489 529 1711 609 Moyses
1756 544 1817 590 et
1857 524 2165 615 Prophetae

56 644 372 691 venturum
420 628 812 714 praedixerunt
843 670 860 699 7
915 622 990 682 ad
1016 620 1196 700 *cujus
1240 622 1563 682 adventum
1607 635 1667 682 et
1709 645 1931 685 cessare
1970 618 2163 686 'omnis'

56 727 317 784 mosaicae
335 724 474 802 legis
497 720 808 803 apParatus
830 729 1006 799 atque
1028 719 1351 776 oeconomia
1370 761 1387 790 7
1429 727 1488 776 et
1512 738 1796 796 synagoga
1823 715 2114 800 repudiari
2140 726 2166 794 7‘

55 831 114 879 et
148 832 345 899 gentes
372 817 448 876 ad
483 818 654 872 unius
678 814 782 873 Dei
814 813 1205 891 cognitionem
1234 833 1297 870 ac
1323 817 1444 890 ejus
1478 811 1812 871 mediatoris
1838 803 2024 874 'fidem
2051 831 2164 877 vo'-

55 915 170 973 cari
203 911 549 972 debuerunt.
585 911 669 966 De
709 907 919 989 quibus
964 929 1035 966 ex
1078 907 1336 988 professo
1377 928 1610 986 agemus
1647 907 1709 964 in
1758 907 2052 967 Tractatu
2095 914 2165 970 de

53 1003 502 1078 Incarnatione.
549 1004 739 1075 Quare
781 1003 826 1060 si
872 1024 979 1060 nos
1011 1001 1437 1060 ostenderimus
1483 1001 1777 1060 miraculis
1812 1013 1871 1061 et
1905 1003 2168 1084 prophe·-

53 1104 181 1175 tiis,
230 1110 612 1178 veterumque
659 1097 1066 1156 vaticiniorum
1087 1143 1103 1170 7
1152 1116 1283 1178 quae
1330 1098 1395 1154 in
1448 1118 1564 1156 suae
1611 1091 1823 1157 divinae¹
1876 1098 2166 1157 missionis

51 1195 550 1254 confirmationem
572 1192 832 1252 Christus
852 1192 1126 1272 protulit,
1151 1191 1612 1273 adimplemento
1629 1238 1644 1266 7
1674 1192 1971 1251 Christum
1995 1192 2167 1252 fuisse

51 1290 328 1349 divinitus
366 1289 640 1360 missum,
675 1298 734 1345 et
759 1286 805 1344 si
834 1286 1075 1366 insuper
1104 1286 1367 1346 divinam
1394 1286 1546 1344 hane
1576 1286 1790 1345 Christi
1819 1286 2166 1366 legationem

50 1383 594 1443 confirmaverimus¹
617 1394 744 1439 tum
778 1381 1083 1440 sanctitate
1110 1392 1170 1440 et
1201 1381 1456 1440 utilitate
1491 1376 1672 1463 ipsius
1709 1381 1988 1442 doctrinae
2009 1427 2025 1455 7
2071 1399 2169 1446 re-fi

51 1478 274 1557 ligionis
290 1499 322 1535 a
343 1498 402 1535 se
427 1477 711 1534 institutae
737 1474 990 1532 mirabili
1013 1477 1435 1557 propagatione
1456 1521 1472 1550 7
1494 1470 1819 1557 martyrum
1842 1478 2171 1537 constantia

53 1584 226 1653 atque
259 1571 522 1631 Ecclesiae
548 1570 987 1630 conservatione
1008 1616 1024 1644 7
1069 1572 1180 1629 tria
1208 1569 1381 1628 simul
1412 1572 1782 1630 conficiemus
1807 1582 1982 1653 atque
2010 1570 2167 1631 obti-

51 1665 349 1742 nebimus3
379 1687 591 1747 nempe
624 1666 686 1723 1⁰
722 1664 999 1724 adversus
1028 1665 1240 1724 deistas
1270 1678 1329 1724 et
1354 1665 1740 1724 rationalistas
1770 1667 1989 1727 directe
2013 1669 2166 1727 exis-

50 1762 295 1820 tentiam
329 1760 538 1819 divinae
564 1781 628 1818 ac
649 1758 1104 1839 supernaturalis
1129 1759 1498 1819 revelationis
1529 1761 1592 1817 in
1611 1762 1778 1821 Novo
1802 1761 2043 1822 Foedere
2061 1784 2166 1843 per

52 1855 347 1914 Christum
375 1855 535 1912 factae
557 1899 572 1928 7
605 1864 664 1912 et
686 1852 968 1911 indirecte
994 1853 1143 1912 hanc
1161 1855 1347 1935 ipsam
1370 1855 1544 1913 fuisse
1573 1855 1777 1914 factam
1810 1878 1914 1938 per
1930 1857 2166 1936 Moysen

54 1962 112 2008 et
138 1949 454 2030 Prophetas
478 1950 540 2006 in
563 1948 686 2027 lege
722 1950 899 2008 veteri
921 1973 937 2021 ς
972 1949 1038 2005 2⁰
1070 1949 1324 2029 perfidiae
1346 1952 1382 2008 J
1387 1949 1580 2008 udaeos
1601 1994 1617 2023 7
1635 1950 1718 2008 ‘30
1739 1953 2163 2031 superstitionis

54 2043 497 2119 Mallumetanos
531 2064 834 2121 arguemus
860 2054 1035 2123 atque
1062 2064 1334 2123 paganos
1375 2045 1540 2103 Hanc
1571 2044 1745 2121 igitur
1777 2056 1986 2126 utpote
2026 2044 2165 2104 bre-

52 2142 271 2198 viorem
293 2160 358 2198 ac
374 2139 683 2197 faciliorem
708 2140 864 2198 viam
883 2139 958 2197 ad
981 2140 1161 2197 finem
1183 2184 1199 2213 7
1228 2161 1343 2220 quo
1369 2140 1780 2199 contendimus
1805 2185 1820 2214 7
1855 2161 2163 2221 assequen-

55 2235 193 2293 dum
216 2279 232 2308 7
272 2234 475 2294 sectari
507 2233 908 2293 constituimus
942 2235 1001 2291 in
1031 2232 1524 2315 propositionibus
1544 2279 1558 2308 7
1595 2256 1737 2315 quas
1763 2234 2116 2312 subjicimus,

869 2411 1275 2466 PROPOSITIO
1316 2415 1360 2466 Ι.

55 2571 325 2631 Christus
358 2573 677 2630 miraculis
699 2582 753 2629 et
774 2575 1123 2642 vaticiniis,
1152 2574 1501 2650 prcesertim
1541 2592 1672 2630 vero
1696 2592 1810 2630 sua
1844 2593 1882 2628 a
1917 2576 2165 2630 mortuis

129 2671 554 2724 resurrectione
589 2667 868 2724 divinam
909 2671 1014 2724 sui
1058 2671 1403 2748 missionem
1443 2667 1886 2745 comprobavit,
1928 2687 2029 2736 seu
2066 2666 2164 2723 di.-

132 2766 277 2819 vz'na
320 2765 491 2840 facta
542 2772 626 2818 est
666 2783 738 2820 ac
780 2765 1271 2840 supernaturalis
1313 2766 1382 2819 in
1426 2761 1592 2819 Novo
1647 2760 2015 2819 Testamento
2051 2781 2164 2839 per

130 2855 435 2913 Christum
481 2856 775 2913 revelatzb.
1950 2851 1952 2853 ’
2064 2849 2068 2854 ’

133 3040 271 3100 243.
319 3042 526 3103 Divina
559 3064 623 3102 ac
661 3043 1123 3125 supernaturalis
1159 3043 1312 3102 illius
1355 3044 1549 3102 missio
1588 3042 1833 3102 dicenda
1867 3055 1988 3120 est,
2033 3066 2161 3126 quae

46 3134 205 3217 ,veris
230 3135 519 3195 miraculis
552 3159 616 3197 ac
656 3139 939 3199 vaticiniis
982 3140 1311 3198 certissimis
1348 3137 1792 3221 comprobatum,
1839 3138 2026 3198 multo
2057 3161 2161 3199 au-

124 3325 191 3387 (l)
223 3324 362 3374 Rom.
414 3343 479 3385 x,
520 3325 570 3390 4.
615 3325 756 3380 Τέλος
801 3326 890 3394 γοὶρ
938 3326 1066 3391 νέμον
1147 3329 1293 3397 versio
1316 3346 1394 3378 seu
1410 3331 1560 3392 potius
1576 3329 1897 3394 paraphrasis3
1928 3332 2161 3393 ipseenim

56 3402 274 3471 xpo-⁷353
313 3406 467 3455 subdit
491 3418 644 3457 autem
677 3409 923 3475 Apostolus
961 3428 974 3458 :
1007 3415 1067 3463 εἷς
1149 3410 1287 3459 verba
1322 3409 1451 3462 τέλος
1487 3407 1577 3476 wip
1613 3408 1745 3473 νέμον
1771 3408 1958 3477 xpm-245
1991 3413 2126 3459 vertit
2150 3429 2168 3458 .-

57 3483 338 3542 δικοιιοοηίνην
393 3485 524 3537 παντὶ
570 3495 635 3555 τῷ·
677 3488 926 3540 πιστεύοντι
946 3530 958 3552 ,
1001 3491 1072 3540 ad
1150 3492 1283 3541 Nam
1317 3491 1539 3540 Christus
1583 3493 1778 3540 sustulit
1810 3492 1956 3557 leqem
1984 3491 2162 3539 mosai-

41 3568 289 3631 justitiam
315 3571 454 3617 omni
483 3570 697 3619 credenti
714 3610 727 3633 7
744 3589 802 3621 ex
819 3591 912 3639 quo
928 3583 1067 3638 patet,
1152 3590 1277 3621 cam.
1293 3573 1533 3639 Ejusmodi
1549 3576 1674 3622 enim
1693 3574 1851 3621 liberis
1872 3571 2162 3621 versionibus

59 3663 198 3711 quam
212 3652 267 3699 sit
281 3651 456 3717 abJecta
470 3662 513 3700 et
525 3653 716 3704 ridicula
737 3653 1069 3704 Rosenmulleri
1151 3654 1285 3703 facile
1316 3665 1382 3704 est
1412 3655 1657 3710 obtrudere
1689 3653 1921 3721 quidquid
1946 3653 2091 3702 lubet.
