2554 4140
347 79 468 137 220

985 97 1053 134 DE
1097 92 1246 138 VERA
1288 96 1413 136 REL.
1459 97 1592 137 ADV.
1638 98 1837 138 HETER·

348 238 787 314 CerinthianOS,
814 238 1117 298 Gnosticos
1146 238 1404 322 aliosque
1429 251 1743 299 novatores
1772 261 1837 299 ac
1870 250 2263 322 protestantes
2289 265 2320 303 e
2342 244 2474 302 sinu

345 359 450 396 suo
481 334 680 414 rejecit
704 335 794 412 (l)
817 380 832 409 7
863 346 922 394 et
946 334 1327 417 sequentibus
1353 335 1570 395 saeculis
1595 336 1669 395 ad
1693 357 1797 395 nos
1822 357 2007 417 usque
2027 381 2044 411 ,
2084 348 2151 395 ut
2184 338 2336 398 infra
2373 338 2474 397 di-

345 452 542 491 cemus
561 476 577 506 ,
602 451 908 511 nunquam
941 429 1015 489 ab
1042 431 1308 490 instituta
1341 432 1448 490 hac
1477 430 1687 511 agendi
1714 432 1941 491 ratione
1968 432 2224 491 recessit.

424 527 527 584 26.
577 525 705 584 Sola
743 526 916 605 igitur
953 526 1198 586 Ecclesia
1236 549 1268 585 a
1306 527 1533 586 Christo
1563 528 1869 603 instituta,
1905 548 2006 586 seu
2033 548 2244 609 corpus
2277 537 2475 608 pasto-

340 644 475 682 rum
499 669 513 697 ,
561 622 857 701 integrum
909 633 1108 682 tamen
1130 667 1147 697 ‚
1200 623 1262 684 id
1315 635 1403 682 est
1453 645 1588 682 cum
1634 624 1821 704 capite
1872 611 1977 681 suo
1997 668 2013 697 7
2063 643 2167 681 seu
2209 624 2471 681 Romano

341 719 659 792 Pontifice‚
705 716 778 777 de
815 740 931 799 quo
979 719 1130 777 infra
1155 765 1170 793 ‚
1218 719 1503 778 instructa
1551 731 1639 779 est
1681 718 1976 778 infallibili
2016 719 2359 779 auctoritate
2400 718 2475 778 ad

340 813 764 876 revelationem
791 813 1242 896 proponendam
1261 858 1277 888 .,
1310 814 1823 897 interpretandam
1850 826 1911 875 et
1941 816 2298 875 intemerate
2327 835 2471 874 con-

343 909 712 974 servandam.

1170 1069 1653 1114 DIFFICUL'I'ATES.

418 1227 520 1287 27.
564 1223 697 1304 Obj.
729 1225 866 1284 Haec
888 1224 1207 1308 propositio
1230 1225 1440 1284 nititur
1460 1223 1605 1284 falso
1629 1226 1931 1307 supposito
1953 1251 1968 1299 ς
1997 1230 2279 1309 supponit
2310 1228 2472 1289 enim

338 1323 423 1405 a)
456 1322 755 1382 Christum
790 1322 1112 1383 instituisse
1145 1321 1457 1382 Ecclesiam
1492 1321 1556 1379 in
1592 1320 1840 1381 modum
1875 1322 2047 1381 unius
2085 1324 2340 1405 corporis
2373 1346 2476 1384 seu

340 1419 626 1479 societatis
654 1440 760 1500 per
795 1429 1064 1476 mutuam
1090 1416 1495 1476 membrorum
1528 1416 1877 1477 relationem
1911 1429 1973 1477 et
2012 1417 2474 1501 dependentiam

342 1514 553 1574 saltem
590 1513 663 1573 ab
692 1536 810 1572 uno
845 1514 1066 1595 capiteg
1099 1515 1183 1594 h)
1215 1513 1478 1574 divinam
1513 1513 1851 1573 missionem
1880 1515 2320 1595 praerogativam
2353 1538 2476 1576 esse

342 1611 699 1671 exclusivam
734 1610 898 1668 istius
925 1610 1215 1693 corporis3
1251 1611 1319 1689 c)
1357 1609 1520 1669 illam
1555 1611 1943 1671 oeconomiam
1977 1611 2099 1671 fore
2130 1624 2477 1694 perpetuam

345 1718 525 1789 atque
554 1704 944 1780 ordinariam3
972 1706 1044 1785 d)
1074 1704 1495 1766 revelationem
1524 1706 1778 1788 proponi
1818 1728 1849 1765 a
1876 1705 1977 1765 tali
2005 1728 2278 1789 corpore3
2317 1707 2477 1788 atqui

342 1801 467 1862 haec
495 1801 638 1860 falsa
674 1804 846 1876 sunt3'
871 1822 1011 1860 nam
1039 1801 1104 1859 10
1126 1801 1386 1884 Apostoli
1416 1803 1658 1861 seorsim
1685 1801 1896 1882 singuli
1922 1813 1980 1862 et
2008 1802 2479 1885 independenter

340 1897 415 1956 ab
453 1899 707 1958 invicem
751 1897 1175 1959 revelationem
1215 1908 1652 1980 proposuerunt
1678 1945 1694 1974 ,
1748 1898 2110 1982 totidemque
2152 1898 2477 1958 fundarunt

340 1993 809 2076 independentes
834 1994 1133 2053 societates
1157 1994 1246 2074 (2)
1269 2019 1284 2067 3
1319 1995 1387 2052 20
1413 1994 1675 2075 Apostoli
1700 2017 1822 2054 non
1846 1996 2037 2055 solum
2068 1996 2478 2078 Episcopatum

338 2090 862 2173 repraesentabant,
897 2112 1030 2149 cum
1059 2102 1409 2172 acceperunt
1435 2112 1467 2149 a
1495 2091 1725 2151 Christo
1760 2088 2139 2167 missionem,
2179 2091 2281 2153 sed
2312 2112 2465 2174 prae-

412 2284 476 2347 (l)
514 2283 610 2333 Csr.
633 2283 804 2333 Euseb.
823 2283 966 2333 Hist.
986 2282 1147 2332 eccles.
1170 2283 1254 2331 lib.
1275 2299 1326 2331 m
1346 2320 1360 2343 ‚

339 2382 385 2414 c.
419 2363 478 2414 18
498 2401 514 2430 ,
543 2377 643 2414 tum
664 2384 707 2415 c.
738 2363 831 2427 26,
863 2382 925 2432 27
952 2375 997 2414 et
1029 2366 1139 2413 alibi
1166 2367 1358 2431 passim,

338 2451 590 2513 praesertim
618 2448 706 2497 lib.
750 2466 817 2509 lv,
861 2466 906 2497 c.
951 2463 1043 2510 22,
1077 2448 1158 2495 ubi
1187 2465 1362 2496 memo-

340 2535 453 2580 ratis
469 2531 817 2581 Menandrianis
833 2567 848 2592 ,
875 2530 1212 2580 Valentinianis
1230 2568 1243 2591 ‚
1270 2540 1359 2580 etc.

337 2614 438 2663 haec
464 2615 600 2663 verba
626 2615 762 2663 refert
781 2614 1024 2679 Hegesippi
1056 2631 1070 2661 ε
1111 2610 1223 2662 ’Am'
1253 2610 1361 2662 τού-

338 2718 418 2746 των
437 2694 788 2765 ψευδᾶχριστοι·
806 2694 1211 2763 ψευδοπροφῆτοιι,
1238 2695 1359 2758 ’ψευ-

339 2778 640 2830 δαποσ-τολοι·
679 2784 833 2834 οἵτινες
870 2778 1077 2847 ἔμέρισοιν
1109 2803 1184 2835 την
1218 2775 1359 2829 ἕνωσιν

339 2868 422 2919 τὶῖς
453 2864 699 2920 {nmmo-1035
731 2862 1006 2931 φθοριμοιιόις
1042 2862 1202 2923 λέγοις
1234 2862 1358 2927 κοιτςὶ

339 2951 418 2995 τοῦ
456 2952 550 2996 θεοῦ
582 2945 660 2996 καὶ
697 2943 822 2997 κατ-οἶ
860 2955 939 2997 τοῦ
970 2952 1161 3014 χριστοῦ
1187 2948 1356 3008 αὐτοῦ,

337 3030 386 3078 id
407 3040 476 3078 est
492 3068 505 3089 ‚
525 3029 611 3078 Ex
625 3032 692 3078 iis
706 3033 801 3078 orti
813 3030 1355 3096 suntpseudo-Christi,

340 3120 383 3160 et
401 3111 845 3178 pseudo-prophetas·
875 3151 888 3174 ‚
914 3112 1353 3179 pseudo-apostoli,

337 3195 427 3258 qui
450 3194 776 3243 adulterinam
793 3195 1069 3245 invehentes
1089 3196 1358 3244 doctrinam

339 3276 570 3323 adversus
587 3275 755 3325 Deum
781 3287 825 3326 et
848 3279 1076 3327 adversus
1110 3278 1358 3326 Christum

339 3357 443 3422 ejus
460 3396 474 3419 ‚
504 3361 729 3407 unitatem
752 3358 989 3409 Ecclesioe
1024 3361 1355 3425 disciderum3

340 3452 386 3490 et
407 3441 673 3490 immediate
704 3451 809 3490 ante
836 3446 1070 3508 scripserat
1099 3461 1113 3491 ε
1146 3455 1361 3492 Bou-cmc-

342 3521 557 3575 deoeroi....
580 3520 770 3577 ἕκαστος
791 3522 913 3578 ἰδίως
929 3564 941 3588 ,
959 3523 1036 3574 aaa>
1067 3525 1217 3593 ἑτέρως
1241 3524 1359 3576 ἰδίαν

342 3603 475 3670 δέξειν
515 3605 872 3675 παραυ-η’γαιγεν.
908 3609 1226 3660 Basiliani...
1274 3611 1362 3676 qui

1447 2285 1645 2331 seorsim
1666 2281 1862 2348 sin'quli
1893 2286 2094 2349 proprias
2121 2286 2359 2349 opiniones
2388 2286 2471 2333 in-

1447 2366 1709 2414 duxerunt.
1740 2366 1806 2413 Ex
1826 2365 1997 2431 quibus
2015 2367 2235 2414 discimus
2252 2371 2468 2432 spiritum

1447 2451 1673 2513 privatum
1719 2450 1945 2512 originem
1994 2451 2207 2496 omnium
2244 2450 2468 2499 haeresum

1447 2531 1606 2579 fuisse.
1625 2530 1759 2596 Quod
1778 2542 1820 2579 et
1839 2531 1896 2580 de
1915 2531 2159 2580 Encratitis
2189 2543 2319 2580 notat
2342 2534 2467 2582 idem

1448 2612 1675 2662 Eusebius
1695 2652 1707 2674 ‚
1740 2614 1821 2662 lib.
1850 2631 1915 2676 w,
1939 2631 1979 2662 c.
2009 2630 2096 2682 29,
2119 2614 2324 2663 scribens
2342 2618 2467 2681 quod

1445 2696 1591 2760 legem
1628 2707 1671 2744 et
1712 2697 1955 2761 prophetas
2001 2697 2295 2746 admitterent
2327 2734 2341 2757 ‚
2388 2699 2466 2747 sed

1445 2776 1586 2831 Ἰδίως
1621 2765 1917 2845 ἕρμηινεῦοντες
1937 2783 2017 2828 τῶν
2043 2781 2155 2846 ἱερῶν
2177 2776 2239 2828 roi*
2260 2777 2466 2843 κη’μοιτοι

1446 2867 1625 2929 γραφῶν
1642 2901 1655 2925 ,
1680 2863 1728 2911 id
1755 2873 1822 2911 est
1842 2900 1855 2922 ,
1878 2862 2088 2929 Propria
2102 2862 2307 2929 quodam
2322 2880 2466 2912 semu

1446 2945 1726 3011 Scripturas
1766 2954 2030 3011 exponunt.

1515 3029 1580 3092 (2)
1619 3028 1685 3077 Ita
1710 3026 1896 3077 Gibbon
1914 3066 1926 3089 ‚
1945 3028 2089 3084 Hist,
2113 3027 2169 3076 de
2189 3027 2328 3094 lapsu
2343 3045 2464 3078 rom.

1445 3111 1582 3179 Imp.
1611 3129 1714 3178 cap.
1769 3109 1862 3172 15,
1906 3130 1958 3161 n.
2003 3128 2064 3175 v;
2101 3115 2230 3178 juxta
2265 3114 2418 3177 ipsum
2449 3148 2479 3172 ‚.

1445 3195 1652 3261 Apostoli
1680 3194 1767 3243 sibi
1797 3211 1894 3242 non
1933 3195 2226 3243 vindicarunt
2265 3195 2463 3243 auctori·

1446 3288 1586 3327 tatem
1624 3276 1926 3342 legislativam
1947 3313 1961 3334 ‚
2005 3277 2227 3342 Episcopi
2262 3286 2307 3324 et
2339 3276 2466 3323 Pres-

1443 3361 1590 3427 byteri
1630 3359 1835 3425 ejusdem
1869 3369 2000 3407 erant
2035 3360 2340 3418 auctoritatis,
2372 3355 2461 3404 Ec-

1443 3445 1591 3493 clesiae
1620 3442 1679 3491 ab
1704 3443 1836 3489 initio
1858 3452 1987 3490 erant
2011 3441 2202 3489 totidem
2233 3437 2461 3503 respubli-

1443 3542 1506 3575 cae
1527 3562 1541 3584 ‚
1573 3542 1673 3590 quas
1701 3534 1858 3589 postea
1897 3525 2092 3572 sormam
2126 3519 2460 3586 foederativam

1443 3610 1679 3668 inierunt,
1712 3607 1837 3656 unde
1869 3609 1993 3672 origo
2017 3606 2203 3655 unitatis
2227 3641 2240 3667 ‚
2268 3613 2349 3653 etc.
