2554 4140
481 170 634 207 paor.
682 169 762 206 ix.
811 170 879 205 im
922 167 1172 206 raom-aser.
1219 166 1373 205 omo.
1421 168 1487 204 Εἰ·
1529 168 1684 206 succ.
2017 148 2131 207 307

39 315 199 373 Lucae
233 334 266 370 a
290 311 586 370 communi
607 310 862 392 quodam
889 310 1051 369 fonte
1077 307 1502 386 syrochaldaica
1525 354 1542 383 ‚
1588 328 1765 390 quem
1803 309 2137 389 Urevanye-

38 411 191 467 lium
234 417 482 481 vocant,
522 405 728 465 hausta
773 405 945 464 fuisse
970 399 1225 461 ,tradunt
1272 403 1544 483 Lessing,
1590 403 1815 463 Semler
1843 449 1860 479 ,
1910 415 2020 463 etc.
2073 424 2138 462 ac

38 502 361 584 praesertim
386 500 631 560 Kuinoel
653 500 764 579 (l).
787 497 955 571 Quod
978 515 1117 557 vero
1140 496 1346 554 accidit
1371 498 1610 577 integris
1628 497 1792 556 libris
1808 544 1826 574 ,
1856 521 1888 558 a
1918 499 2140 558 fortiori

39 596 275 676 singulis
299 595 582 655 librorum
611 614 903 653 sacrorum
927 587 1188 672 partibus
1216 592 1442 665 evenit,
1475 613 1725 672 quarum
1749 594 1845 654 vix
1863 593 1983 653 ⁴ulla
2015 605 2103 654 est
2122 637 2139 667 .,

41 712 166 773 quae
209 713 330 749 non
366 689 702 749 traducatur
743 687 817 746 ab
861 706 981 744 uno
1012 683 1106 745 vel
1147 682 1331 743 altero
1379 694 1686 766 tamquam
1727 688 2010 748 adscititia
2035 687 2145 750 'vel

41 785 423 867 interpolatae,
461 804 568 842 nos
592 781 766 841 nimis
800 778 1039 839 taederet
1074 778 1300 859 singula
1325 781 1617 860 persequi.

121 881 265 940 228.
314 881 538 938 Interea
568 897 639 936 ex
668 875 794 955 his,
831 895 958 957 quae
986 875 1083 935 vix
1107 895 1142 934 a
1170 873 1336 933 nobis
1359 873 1612 934 delibata
1638 888 1779 935 sunt
1798 922 1814 951 ,
1852 879 1974 940 sive
2000 879 2148 938 circa

41 971 499 1035 Protestantismi
541 970 823 1049 originem
867 980 927 1028 et
980 969 1444 1046 vicissitudine5.,
1514 971 1639 1031 sive
1691 972 1840 1030 circa
1889 973 2108 1031 fructus
2131 1017 2147 1044 .‚

42 1091 184 1151 quos
220 1066 463 1150 protulit
502 1077 630 1123 tum
673 1065 734 1123 in
781 1064 1081 1137 doctrina,
1138 1065 1261 1124 sive
1314 1064 1632 1125 theoretica
1681 1067 1804 1127 sive
1865 1068 2150 1148 practica,

43 1164 164 1223 sive
191 1163 340 1221 circa
366 1159 634 1240 exegesin
656 1172 716 1219 et
737 1160 996 1218 criticam
1019 1180 1240 1218 sacram
1258 1204 1275 1234 ,
1316 1160 1395 1218 sic
1418 1171 1828 1240 argumentum
1859 1162 2147 1243 perstrin-

42 1257 249 1336 gimus,
282 1255 452 1331 Quod
478 1277 511 1313 a
537 1255 789 1336 pessimo
813 1265 988 1335 atque
1026 1275 1291 1314 eversore
1323 1254 1609 1338 principio
1641 1256 1923 1335 originem
1957 1255 2150 1330 ducit7

43 1350 315 1433 quodque
342 1361 551 1408 natura
573 1371 671 1408 sua
696 1348 872 1408 infert
894 1349 1236 1430 opinionum
1260 1360 1320 1408 et
1347 1351 1772 1410 sententiarum
1801 1350 2152 1411 divisionem

42 1458 101 1506 et
123 1459 304 1505 sectas
330 1490 346 1520 ,
384 1456 445 1505 et
475 1466 544 1504 eo
578 1444 769 1503 tendit
802 1455 870 1502 ut
907 1464 1144 1502 omnem
1175 1443 1352 1503 fidem
1375 1489 1392 1518 .,
1428 1445 1791 1527 proindeque
1816 1445 2155 1526 religionem

43 1562 279 1601 omnem
311 1538 631 1599 revelatam
667 1559 698 1597 e
735 1536 930 1596 medio
961 1537 1162 1613 tollat,
1205 1559 1272 1597 ac
1301 1539 1540 1598 nonnisi
1575 1540 1650 1598 ad
1672 1539 1921 1600 dubium
1959 1541 2159 1621 quod-

46 1636 183 1695 dam
219 1633 548 1693 universale
586 1645 819 1694 revocet
840 1679 856 1709 ,
895 1645 955 1692 et
980 1654 1214 1692 morum
1250 1635 1686 1715 corruptionem
1724 1636 1967 1712 inferat,
1999 1647 2156 1695 certo

55 1752 175 1788 non
213 1739 404 1811 potest
444 1749 566 1788 esse
601 1750 635 1786 a
678 1730 797 1787 Deo
830 1728 1092 1807 ejusdem
1128 1715 1498 1788 revelationis
1533 1741 1793 1804 auctore,
1846 1742 1906 1789 et
1946 1752 2145 1792 secum

47 1825 160 1884 fert
202 1824 433 1906 propria
463 1823 728 1882 falsitatis
774 1822 1165 1883 ineluctabilia
1202 1835 1579 1903 argumenta,
1619 1825 1849 1884 dicente
1886 1825 2152 1899 Christo,

45 1941 166 1978 non
201 1930 395 1998 potest
432 1919 618 1977 arhor
657 1919 812 1977 bona
827 1962 851 1991 ,
910 1919 1096 1977 malos
1136 1923 1378 1997 fructus
1408 1922 1693 1998 semera...
1740 1942 1812 1979 eat
1847 1922 2159 1999 fructibus

42 2035 243 2073 eorum
253 2016 598 2094 coynoecetis
613 2034 724 2072 eos·
747 2013 922 2094 Atqui
934 2034 1001 2073 ex
1017 2013 1182 2073 dictis
1199 2013 1333 2073 talis
1351 2016 1438 2074 est
1450 2017 1986 2090 protestantismus3
2003 2038 2157 2097 ergo,

123 2110 263 2169 229.
308 2110 496 2191 Atque
519 2109 655 2167 hinc
678 2109 939 2190 sequitur
970 2110 1031 2167 1⁰
1064 2108 1413 2169 divisionem
1438 2110 1814 2170 intrinsecam
1841 2132 1962 2170 esse
1985 2122 2159 2192 atque

45 2203 408 2264 essentialem
439 2205 918 2263 Protestantismo
938 2248 955 2278 ,
981 2225 1089 2264 nec
1106 2205 1222 2263 nisi
1239 2227 1345 2286 per
1368 2205 1686 2286 quamdam
1707 2206 2162 2267 conventionem

45 2321 110 2359 ac
136 2311 401 2358 mutuam
439 2300 758 2358 cessionem
797 2321 960 2381 posse
1002 2300 1156 2358 inter
1193 2320 1254 2359 se
1291 2299 1546 2360 diversas
1580 2311 1763 2359 sectas
1798 2300 2153 2373 coalescere,

46 2394 473 2477 permittend0‚
531 2405 598 2452 ut
647 2416 1011 2476 unaquaeque
1053 2395 1116 2453 in
1174 2395 1404 2474 negotio
1458 2394 1747 2474 religionis
1794 2394 1857 2454 id
1908 2395 2123 2455 sentiat
2143 2439 2160 2471 ‚

46 2490 199 2572 quod
238 2491 441 2571 cuique
477 2488 676 2563 lubet,
725 2500 900 2571 prout
948 2490 1161 2548 factum
1203 2489 1455 2550 vidimus
1497 2490 1559 2548 in
1597 2489 1970 2549 faederatione
2019 2491 2164 2549 inita

46 2585 199 2644 inter
235 2584 593 2644 Lutheranos
651 2595 711 2643 et
758 2583 1137 2659 Calvinista5‚
1181 2585 1346 2665 quasi
1389 2595 1658 2662 ageretur
1701 2583 1776 2643 de
1820 2583 2164 2660 latifundi03

49 2681 409 2762 proindeque
438 2680 728 2737 unitatem
754 2676 1138 2736 essentialiter
1169 2680 1387 2759 opponi
1412 2689 1637 2736 naturae
1673 2679 2161 2737 Protestantismi.

126 2775 267 2834 230.
315 2774 584 2854 Sequitur
609 2773 679 2828 2ο
706 2772 1006 2830 neminem
1046 2771 1540 2846 protestantium
1579 2772 1626 2830 si
1656 2773 1944 2863 principio
1974 2794 2166 2832 essen-

51 2867 172 2926 tiali
204 2867 650 2929 Reformationis
691 2865 987 2926 adhaerere
1019 2866 1197 2942 velit,
1229 2865 1494 2926 habere
1468 2888 1566 2944 Jus
1596 2865 1766 2926 alteri
1795 2867 2160 2950 exprobandi

52 2964 284 3044 propria
312 2984 478 3023 sensa
515 2960 775 3042 religiosa
800 2972 866 3020 ut
891 2961 1070 3043 impia
1103 2972 1163 3021 et
1192 2959 1442 3020 absurda
1472 2961 1583 3040 (2).

116 3222 183 3284 (1)
221 3219 331 3270 vid.
362 3219 503 3270 Joan.
543 3218 747 3287 Gregorii
772 3219 1050 3269 Rosenmiil-
1136 3217 1413 3285 legomena§
1435 3217 1565 3279 1‚De
1580 3219 1768 3283 oriqine
1783 3216 2167 3284 Evanqeliorum

50 3305 118 3353 ler
150 3301 311 3350 Scolia
341 3304 398 3350 in
429 3301 621 3351 Novum
663 3303 1018 3351 Testamentum
1038 3339 1052 3361 ‚
1137 3300 1371 3351 Matthaei
1389 3339 1403 3357 ,
1431 3299 1598 3349 Marci
1623 3309 1666 3349 et
1688 3301 1857 3352 Lucoe.

51 3385 163 3435 edit.
189 3401 265 3446 v1,
294 3390 411 3434 tom.
436 3401 454 3432 1
473 3420 488 3443 ,
520 3386 571 3432 in
586 3385 739 3450 praef„
769 3384 849 3433 ubi
870 3385 925 3432 de
940 3400 1058 3449 qua·
1208 3384 1276 3444 (2)
1307 3383 1385 3432 Sic
1414 3383 1542 3433 enim
1573 3386 1730 3433 statuit
1758 3384 1953 3433 Rani-sio
1976 3392 2164 3451 protes-

51 3474 158 3515 tuor
184 3464 235 3514 E
238 3466 474 3530 vanqeliis
489 3501 505 3526 ‚
531 3484 635 3532 pag.
665 3482 695 3515 2
722 3476 768 3516 et
791 3482 943 3534 seqq„
971 3483 1058 3515 nec
1141 3466 1329 3513 tantica
1362 3482 1378 3513 ε
1410 3465 1559 3514 Notre
1589 3483 1822 3532 croyance
1847 3466 1967 3515 n’eat
2002 3483 2091 3530 que
2116 3466 2167 3514 la

52 3565 149 3597 non
176 3547 394 3608 Kuiuoel‚
419 3545 678 3596 Commeat.
701 3548 757 3596 in
778 3547 864 3598 lib.
889 3547 957 3597 N.
993 3547 1056 3598 Τ.
1142 3542 1304 3595 libert&
1333 3546 1579 3597 d’eoeamen
1608 3549 1624 3613 (
1640 3567 1762 3598 anno
1800 3547 1929 3597 1825
1954 3585 1967 3608 ‚
1995 3546 2085 3613 4¹⁸⁶
2112 3549 2173 3597 li·

54 3628 326 3692 historicos,
360 3629 522 3696 Lipsiae
553 3627 677 3680 1832
704 3665 721 3694 ‚
747 3631 842 3682 vol.
871 3647 887 3679 1
912 3667 926 3693 ‚
963 3647 1063 3696 pro·
1146 3633 1329 3682 vraison
1351 3669 1366 3695 ‚
1399 3650 1517 3699 pag..
1540 3631 1633 3685 153
1650 3633 1665 3698 )
1684 3671 1699 3697 ,
1725 3643 1771 3683 et
1784 3631 1897 3682 alibi
1917 3648 1928 3679 t
1950 3629 2170 3698 Capriu-

1814 3711 1917 3770 20.
