2554 4140
485 208 606 247 cAP.
651 208 737 245 ιιι.
787 209 855 244 nn
898 206 1024 244 nor.
1078 206 1191 243 mv.
1238 206 1309 242 Ac
1351 204 1663 246 summum.
1711 204 1839 243 Rav-
2141 182 2214 242 87

103 353 399 433 privatum
426 350 873 429 uniuscujusque
910 365 1148 405 sensum
1164 389 1181 418 ,
1224 355 1415 403 trans.
1425 370 1450 418 ,-
1471 351 1640 423 juxta
1660 365 1814 406 sanae
1836 345 2087 424 exegesis
2121 365 2219 404 re-

104 447 263 527 gulas
285 493 301 519 7
340 468 468 525 neq.
505 442 953 504 Observandum
990 439 1168 518 igitur
1191 450 1316 511 est,
1351 459 1474 497 non
1503 461 1687 520 pauca
1718 442 1985 502 vaticinia
2010 439 2217 499 condi-

103 543 323 600 tionata
352 561 474 600 esse
494 564 509 613 ς
531 546 714 618 ¹porro
736 555 879 593 ‘cum
915 532 1177 592 conditio
1209 532 1486 592 effectum
1507 554 1681 592 suum
1707 557 1831 594 non
1872 536 1948 595 sit
1976 535 2179 595 sortita
2197 580 2214 609 ‚

104 636 493 718 quidmirum
523 632 579 690 siv
605 629 892 691 vaticiniis
933 627 1171 688 effectus
1221 649 1344 686 non
1385 628 1807 709 responderit?
1838 631 1997 690 Talia
2042 640 2217 704 sunt,

106 753 234 812 quae
253 724 624 809 adimplenda
639 723 829 782 adhuc
846 733 1162 803 supersunt
1176 768 1192 797 .‚
1233 721 1325 783 vel
1340 722 1402 780 in
1427 723 1550 781 dies
1568 721 1968 804 adimplentur
1983 770 1999 799 ‚
2025 724 2218 806 qualia

105 845 232 907 quae
255 818 695 902 -in-Apocalypsi
718 818 1024 898 leguntur,
1051 817 1148 879 vel
1184 828 1452 900 spectant
1473 816 1548 876 ad
1574 817 1814 898 plenam
1850 820 2219 881 vocationem

104 917 396 1000 gentium3
429 914 536 973 alia
567 933 695 996 quae
726 912 835 972 sub
863 914 1073 973 cortice
1100 913 1313 973 litterae
1339 931 1578 973 sensum
1611 913 1978 995 spiritualem
2010 935 2132 996 prae
2158 937 2220 976 se

105 1015 297 1074 ferunt
319 1010 493 1089 (licet
515 1009 836 1070 adversarii
857 1010 1045 1068 nostri
1073 1008 1139 1085 id,
1158 1031 1279 1069 non
1306 1009 1700 1089 admittant),
1729 1008 2056 1088 cujusmodi
2078 1021 2217 1069 sunt

105 1107 208 1182 ea,
240 1108 368 1186 quae
403 1105 476 1165 de
513 1105 1048 1186 futuraessynagogae
1075 1105 1376 1180 felicitate,
1412 1105 1489 1164 de
1506 1104 1655 1182 *sede
1681 1105 1871 1166 David
1891 1151 1907 1180 7
1936 1104 2010 1164 de
2037 1125 2219 1185 regno

101 1199 423 1276 Messiano..,
459 1201 702 1283 aliisque
728 1200 790 1259 id
819 1222 1001 1280 genus
1032 1222 1154 1258 non
1183 1201 1381 1282 paucis
1403 1221 1513 1280 pro
1539 1198 1731 1258 lubitu
1761 1199 2102 1280 intelligunt
2123 1200 2221 1258 isti

97 1298 372 1357 neoterici
393 1295 591 1355 biblici
607 1298 1001 1356 Protestantes
1029 1307 1090 1355 et
1111 1295 1512 1371 rationalistae‚
1536 1306 1596 1354 et
1611 1293 1750 1354 inde
1770 1307 2025 1375 arguunt
2040 1316 2218 1356 even-

98 1403 229 1450 tum
258 1391 579 1473 prophetiae
603 1414 725 1450 non
762 1390 1150 1472 respondisse.
1188 1389 1449 1449 Addatur
1486 1391 1662 1471 gratis
1689 1392 1934 1450 omnino
1961 1411 2219 1450 asserere

99 1486 458 1546 adversarios
481 1531 497 1560 ,
530 1487 702 1544 citata
732 1485 806 1544 ab
835 1485 974 1568 ipsis
1005 1485 1281 1546 vaticinia
1313 1485 1556 1567 impleta
1584 1507 1707 1544 non
1733 1507 1856 1545 esse
1875 1531 1892 1560 ‚
1913 1497 2105 1568 atque
2132 1486 2221 1544 in-

99 1603 277 1662 super
299 1602 409 1640 nec
435 1579 497 1640 id
518 1602 773 1641 asserere
797 1581 952 1663 ipsos
975 1581 1268 1662 potuisse3
1306 1580 1528 1640 etenim
1557 1583 1606 1640 si
1633 1577 1849 1640 omnia
1867 1581 1934 1639 V.
1963 1592 2024 1640 et
2048 1582 2121 1641 N.
2145 1581 2211 1648 T.

99 1677 369 1736 vaticinia
416 1674 660 1735 obscura
702 1687 839 1735 sunt
878 1687 938 1736 et
972 1674 1275 1735 indefinita
1295 1720 1311 1750 .,
1351 1675 1646 1756 quomodo
1682 1696 1843 1735 nunc
1878 1675 2215 1750 affirmant,

98 1784 380 1854 eventum
422 1772 491 1830 iis
534 1793 655 1830 non
697 1769 1119 1852 respondisse?
1162 1768 1503 1830 Mendacem
1545 1781 1782 1852 oportet
1822 1791 1946 1832 esse
1987 1791 2218 1831 memo-

98 1888 225 1926 rem
261 1867 385 1947 (l)!

180 1962 320 2019 216.
367 1960 457 2021 Ad
486 1960 602 2034 41¹¹,
640 1961 793 2042 Ney.
845 1962 982 2021 Haec
1009 1961 1170 2020 enim
1210 1982 1332 2019 non
1369 1971 1459 2020 est
1494 1961 1608 2019 nisi
1635 1961 1886 2041 gratuita
1921 1971 1980 2022 et
2020 1962 2218 2043 impu—

102 2056 246 2114 dens
277 2055 593 2116 adversarii
615 2057 854 2115 assertio
882 2068 1315 2128 contrapmnes
1354 2055 1576 2114 critices
1610 2054 1836 2134 regulas
1874 2059 1935 2114 et
1970 2077 2218 2128 consen-

90 2173 220 2208 sum
246 2162 306 2210 et
330 2151 734 2210 testimonium
749 2150 1038 2212 universas
1053 2150 1244 2230 gentis
1266 2151 1302 2208 J
1306 2148 1607 2209 udaeorum
1632 2161 1692 2209 et
1718 2149 2210 2218 Christianorum.

90 2243 540 2307 Observandum
576 2257 702 2319 est,
742 2244 903 2326 quod
939 2245 1096 2304 inter
1133 2245 1406 2306 vaticinia
1444 2245 1798 2326 scriptorum
1834 2244 2217 2306 Hebraeorum

92 2339 369 2419 singulari
396 2341 638 2400 artificio
669 2351 802 2422 post
837 2351 1120 2402 eventum
1145 2339 1386 2400 demum
1417 2341 1662 2400 conficta
1690 2352 1997 2401 recenseat.
2018 2354 2217 2401 auctor

163 2613 232 2676 (l)
273 2614 363 2662 Hic
387 2613 537 2663 obiter
565 2619 752 2663 notetur
770 2650 783 2674 ‚
805 2612 1118 2675 Protestantes

98 2695 253 2743 solitos
283 2714 377 2745 esse
420 2699 694 2761 scripturam
716 2713 800 2761 per
825 2696 970 2744 solam
999 2695 1116 2747 indi.-

96 2779 325 2825 cationem
354 2779 560 2842 capitum
593 2787 638 2826 et
677 2778 1007 2826 versiculorum
1033 2776 1117 2824 ad-

98 2858 281 2907 ducere.
311 2859 370 2906 Et
399 2860 487 2907 hoc
504 2860 680 2924 duplici
707 2875 763 2908 ex
794 2876 932 2907 eausa
954 2895 968 2918 ‚
1001 2867 1046 2906 1⁰
1066 2868 1118 2906 ut

99 2941 257 2989 fucum
283 2942 455 2989 faciant
483 2944 705 3006 imperitis
727 2952 769 2990 et
788 2941 957 2989 malam
974 2942 1113 2991 fidem

103 3022 280 3070 facilius
298 3034 448 3088 tegant
467 3040 483 3086 3
503 3032 553 3070 20
570 3035 622 3071 ut
637 3033 865 3072 ostentent
882 3026 1113 3088 propriam

102 3106 312 3166 peritiam
340 3107 391 3152 in
421 3106 652 3154 versandis
677 3107 925 3170 scripturis.
949 3105 1007 3153 At
1020 3108 1113 3171 pri-

102 3200 231 3231 mum
250 3189 448 3251 ingenuo
473 3190 692 3253 scriptore
731 3189 979 3253 indignum
1005 3199 1068 3236 est
1097 3227 1110 3249 ‚

101 3257 296 3307 alterum
316 3262 489 3325 puerile
508 3298 523 3322 ‚
540 3279 652 3311 cum
671 3279 757 3328 ope
775 3264 1113 3312 concordantiae

101 3346 295 3408 quisque
323 3346 463 3407 possit
484 3347 695 3394 eamdem
724 3348 933 3411 peritiam
961 3357 1112 3394 osten-

100 3435 211 3472 tare.
243 3424 381 3473 Nunc
406 3436 457 3473 ut
482 3430 678 3491 speciem
708 3428 950 3477 exhibeam
980 3428 1115 3477 mala>

99 3506 208 3554 fidei
237 3516 284 3554 et
310 3510 612 3571 gratuitarum
640 3513 945 3559 assertionum
969 3510 1112 3574 Weg-

100 3589 307 3637 scheider
329 3592 378 3637 in
404 3590 615 3639 adductis
638 3593 751 3641 locis
775 3630 791 3653 ‚
822 3595 1013 3642 observo
1041 3610 1115 3641 ca-

102 3681 184 3732 put
216 3688 330 3718 xxix
364 3672 490 3720 lsaiae
512 3691 606 3722 esse
636 3675 692 3723 de
723 3679 957 3725 eversione
976 3675 1114 3740 Soly-

1204 2631 1386 2662 morum
1408 2652 1422 2674 ‚
1464 2614 1591 2680 quod
1631 2614 1690 2662 ad
1726 2615 1948 2662 amussim
1975 2612 2216 2679 impletum

1204 2707 1299 2758 est3
1318 2712 1422 2761 cap.
1442 2713 1580 2744 xxxiv
1596 2696 1655 2743 de
1684 2694 1772 2743 Dei
1788 2695 1963 2743 ultione
1982 2697 2034 2742 in
2058 2712 2219 2744 omnes

1204 2788 1358 2843 gentes
1373 2814 1386 2838 ,
1406 2793 1509 2843 quae
1525 2778 1694 2842 pariter
1710 2776 1797 2823 sub
1811 2775 2040 2824 Chaldaeis
2059 2778 2216 2825 conti-

1203 2862 1286 2924 git3
1306 2876 1407 2923 cap.
1423 2875 1530 2906 zxm
1547 2858 1604 2906 de
1617 2855 1788 2905 Christi
1800 2858 2035 2923 triumpho
2049 2860 2099 2906 in
2114 2859 2220 2907 hos-

1205 2951 1270 2988 tes
1288 2958 1394 2989 suos
1408 2950 1453 2989 et
1468 2940 1767 2988 derelictione
1785 2939 2022 2988 Hebraicae
2036 2943 2181 3006 gentis
2202 2978 2215 3000 ‚

1202 3023 1330 3089 quod
1352 3026 1519 3088 pariter
1544 3039 1682 3070 suum
1710 3024 1882 3070 exitum
1902 3026 2115 3071 sortitum
2130 3034 2217 3086 est;

1201 3120 1412 3170 cap.1.xv1
1427 3108 1595 3171 pariter
1609 3115 1675 3154 est
1689 3105 1748 3153 de
1763 3107 1997 3153 vocatione
2012 3107 2218 3171 gentium

1200 3197 1242 3235 et
1270 3187 1542 3236 Judaeorum
1572 3174 1873 3236 derelictione
1900 3205 1981 3236 seu
2000 3187 2219 3252 reproba-

1199 3271 1356 3333 tione3
1376 3269 1498 3317 Dan.
1529 3286 1629 3334 cap.
1646 3285 1679 3316 11
1698 3279 1765 3317 est
1780 3269 1839 3317 de
1864 3272 2040 3317 visione
2057 3268 2219 3317 Nabu-

1201 3351 1492 3400 chodonosor
1519 3361 1563 3399 et
1597 3351 1656 3399 de
1690 3358 1892 3416 quatuor
1919 3352 2216 3399 monarchiis.

1202 3433 1351 3481 Eccur
1375 3443 1529 3481 autem
1559 3433 1864 3498 adimpletum
1900 3451 1997 3482 non
2027 3443 2095 3481 est
2130 3433 2222 3481 hoc

1199 3517 1498 3563 vaticinium?
1520 3514 1597 3563 Sic
1613 3515 1795 3563 dicatur
1814 3516 1873 3564 de
1898 3517 2058 3563 ceteris
2075 3550 2088 3574 ‚
2110 3531 2220 3562 cum

1201 3614 1297 3644 non
1330 3607 1461 3646 vacet
1495 3597 1674 3663 singula
1725 3613 2002 3662 percurrere.
2037 3595 2220 3647 Interea

1204 3677 1426 3726 Crimine
1459 3679 1519 3727 ab
1553 3695 1652 3727 uno
1667 3714 1681 3741 ,
1708 3677 1838 3726 disce
1867 3694 2046 3728 ananus.
