2554 4140
577 155 732 193 maor.
780 156 858 190 xx.
902 154 975 191 nn
1017 153 1196 190 mmm
1237 148 1579 189 susanna
1624 149 1776 187 nect.
2115 126 2228 188 331

127 295 353 355 lolatria
377 294 743 360 abduxerant
762 341 777 369 a
811 296 1032 354 interea
1061 292 1356 353 ministros
1379 292 1673 372 religionis
1700 290 2034 350 christianae
2058 310 2234 371 exop-

129 402 406 452 taverunt
435 403 609 472 atque
642 391 938 473 petierant
975 389 1052 449 ab
1096 386 1294 466 Anglis
1321 433 1338 463 .‚
1384 389 1486 470 qui
1525 387 1603 447 ad
1643 388 1802 469 ipsos
1842 396 2242 468 protestantes,

125 487 552 562 missioiiariOS‚
600 488 902 567 puritanos
943 482 1300 566 pracsertim,
1347 484 1655 542 miserunt.
1702 482 1813 543 Sed
1855 481 2032 540 simul
2061 502 2236 540 suum-

125 581 419 641 influxum
444 602 727 663 suamque
750 581 999 640 vitutem
1023 575 1144 636 illic
1165 575 1497 635 intulerunt
1526 577 1812 654 ejusmodi
1854 575 2098 659 apostoli
2124 576 2149 657 (
2172 585 2238 634 ut

126 675 447 757 plurimum
473 688 696 735 sutores
719 720 736 748 ,
762 686 1008 734 sartores
1027 717 1043 747 ‚
1073 684 1184 731 etc.
1203 673 1226 749 )
1244 694 1261 747 3
1282 670 1441 729 illico
1464 673 1660 730 omnia
1685 674 2153 754 permiscuerunt
2173 693 2239 731 ac

127 771 586 850 perturbarunt,
634 768 974 828 seditionem
997 812 1013 842 ‚
1055 768 1348 847 ignaviam
1369 812 1386 840 ,
1428 766 1706 826 inertiam
1732 769 2112 849 omniumque
2145 769 2240 828 vi·

124 867 341 926 tiorum
364 865 673 924 colluviem
692 884 1057 945 quacumque
1076 862 1552 921 disseminarunt.
1579 862 1787 920 Sancte
1811 861 1958 922 adeo
1980 864 2240 922 instrue-

122 958 270 1019 bant
305 981 436 1018 suos
466 957 819 1041 proselyt03‚
862 955 929 1016 ut
967 957 1548 1018 Sandwichianorum
1586 978 1687 1016 rex
1724 956 1873 1016 Riho
1911 957 2101 1031 Riho,
2134 955 2237 1039 qui

121 1078 154 1113 a
190 1056 449 1137 quinque
475 1055 646 1112 annis
670 1059 797 1132 jam
831 1055 1131 1136 Baptismo
1162 1054 1438 1113 lustratus
1469 1065 1594 1114 erat
1628 1074 1763 1113 cum
1792 1053 2044 1112 Londini
2083 1075 2236 1112 mor-

121 1161 256 1209 tuus
290 1152 415 1224 est7
467 1162 526 1209 et
559 1150 949 1232 polygamiam
992 1161 1312 1210 sectaretur
1352 1161 1410 1209 et
1450 1149 1775 1222 incestum3
1828 1149 1982 1209 inter
2016 1160 2236 1209 ceteras

120 1246 282 1306 enim
314 1267 521 1305 uxores
563 1267 692 1305 suas
731 1244 988 1306 habebat
1027 1246 1327 1327 propriam
1364 1265 1658 1318 sororem,
1713 1266 1891 1326 quam
1926 1265 2125 1304 secum
2171 1244 2235 1303 in

119 1341 390 1421 Angliam
426 1341 705 1416 duxerat,
742 1361 987 1423 quaeque
1017 1341 1268 1401 Londini
1294 1341 1514 1422 pariter
1547 1339 1822 1399 defuncta
1855 1351 1944 1399 est
1978 1340 2088 1419 (1).
2127 1340 2238 1399 Eos

119 1458 242 1506 non
276 1458 437 1497 secus
473 1458 539 1496 ac
565 1440 867 1495 Pomarem
900 1457 1096 1516 regem
1126 1435 1454 1495 insularum
1479 1437 1796 1513 socialium
1826 1435 2110 1517 poenituit
2136 1455 2235 1494 ac·-

119 1534 415 1606 cersivisse
457 1531 739 1609 ejusmodi
781 1531 1217 1613 praedicatoreS,
1277 1532 1379 1612 qui
1423 1530 1606 1592 veluti
1647 1530 1872 1610 grando
1911 1550 1978 1592 ac
2019 1539 2233 1609 ventus

120 1649 295 1687 urens
313 1628 507 1686 omnia
532 1627 684 1687 mala
709 1643 905 1687 secum
928 1630 992 1686 in
1019 1627 1149 1686 illas
1172 1627 1392 1686 insulas
1417 1627 1758 1687 detulerunt
1781 1648 1851 1686 ex
1876 1625 2236 1686 confessione

117 1724 504 1804 ipsorummet
531 1725 990 1782 Protestantium
1028 1725 1139 1805 (2).
1186 1726 1335 1784 Hinc
1370 1726 1509 1784 novi
1548 1735 1686 1782 sunt
1720 1723 1983 1782 accersiti
2006 1723 2235 1781 missio-

115 1819 266 1877 narii
286 1863 301 1892 ,
337 1817 604 1878 catholici
631 1840 879 1900 nempe,
913 1819 1014 1900 qui
1038 1840 1106 1878 eo
1141 1819 1498 1900 appulerunt
1530 1841 1689 1878 anno
1730 1818 1886 1878 1827
1909 1864 1924 1892 ‚
1957 1830 2132 1900 atque
2161 1839 2235 1876 ex

116 1911 367 1987 tabulis,
409 1923 539 1994 quae
574 1936 730 1971 anno
772 1915 1042 1995 sequenti
1077 1914 1152 1972 ad
1187 1936 1293 1973 nos
1333 1926 1772 1996 pervenerunt,
1812 1913 2100 1994 colligitur
2138 1933 2240 1972 eos

115 2008 228 2065 cito
264 2008 506 2089 coepisse
530 2019 620 2067 tot
642 2009 978 2068 infortuniis
1001 2009 1237 2069 illorum
1270 2010 1596 2070 incolarum
1629 2024 1926 2069 occurrere
1946 2055 1962 2085 7
1998 2011 2232 2068 Protes-

117 2113 309 2188 tantes
352 2125 587 2163 omnem
629 2104 748 2162 fere
787 2103 1076 2163 influxum
1108 2111 1232 2185 jam
1276 2106 1533 2165 amisisse
1569 2107 1634 2164 in
1674 2105 1802 2164 illos
1844 2104 2090 2187 populos
2116 2149 2132 2178 ,
2172 2114 2232 2162 et

113 2197 320 2258 florere
345 2203 469 2277 jam
502 2198 844 2278 religionem
876 2201 1216 2260 catholicam
1242 2201 1353 2281 (3).
1397 2202 1615 2283 Ecquid
1656 2201 1817 2260 aliud
1857 2201 2090 2259 haeresis
2117 2200 2234 2258 nisi-

112 2293 531 2354 desolationem
563 2317 630 2354 ac
654 2307 904 2355 mortem
936 2297 1255 2378 producere
1282 2299 1520 2379 potest?
1551 2300 1793 2357 Fructus
1827 2298 1965 2358 vitae
1989 2295 2228 2355 nonnisi

113 2391 327 2449 veritas
351 2402 545 2473 potest
578 2392 804 2451 afferre.

902 2570 1312 2625 PROPOSITIO
1352 2573 1446 2623 XI.

116 2723 516 2802 Guspahz‘liter
554 2728 624 2781 in
667 2725 883 2783 lioeresi
919 2727 1009 2783 vel
1059 2726 1372 2784 schismate
1413 2728 1505 2784 vel
1542 2727 1962 2786 incredulitate
2004 2747 2076 2785 ea*
2116 2727 2231 2787 hac

194 2825 316 2875 vita
360 2819 775 2877 decedentibus
828 2821 1003 2878 nulla
1046 2813 1212 2879 salus
1253 2842 1368 2879 esse
1398 2831 1619 2900 potest,
1663 2842 1766 2879 seu
1809 2832 1979 2880 extra
2019 2822 2228 2882 Eccle-

190 2917 348 2970 siam
391 2914 744 2973 catholicam
789 2917 962 2974 nulla
1004 2917 1195 2975 datur
1234 2919 1423 2976 salus.

189 3100 329 3159 265.
375 3103 509 3160 Haec
534 3103 849 3184 propositio
868 3149 883 3178 7
919 3125 1050 3185 quae
1077 3106 1347 3165 sectarios
1376 3127 1581 3165 omnes
1606 3118 1665 3165 et
1697 3106 2026 3166 incredulos
2057 3107 2227 3169 valde

107 3210 438 3256 commovet
465 3243 481 3272 .,
520 3219 643 3257 non
677 3198 869 3258 solum
903 3221 975 3259 ex
1017 3201 1328 3283 Scripturae
1375 3201 1718 3261 auctoritate
1749 3224 1814 3262 ac
1851 3215 2135 3286 perpetuo
2165 3216 2226 3264 et

176 3392 238 3453 (1)
275 3390 496 3439 Annales
516 3390 574 3439 de
591 3391 1051 3461 I’associationpoar
1076 3393 1123 3442 Ia
1276 3396 1340 3459 (2)
1387 3395 1570 3454 Times,
1591 3411 1656 3443 20
1682 3393 1812 3462 Sept.
1841 3394 1985 3455 ¹830,
2004 3412 2099 3444 rev.
2119 3412 2227 3456 Lxx,

96 3475 425 3539 propaqation
450 3473 507 3521 de
536 3473 584 3521 la
607 3475 685 3539 foi
702 3514 715 3537 ‚
748 3494 799 3525 n.
827 3494 899 3525 xxi
924 3514 936 3535 ,
962 3475 1123 3526 Juillet
1207 3495 1307 3542 pag.
1331 3475 1451 3543 609.

113 3552 239 3604 1830
258 3593 272 3617 ‚
300 3573 407 3621 pag.
438 3553 556 3606 286.
1274 3559 1335 3623 (3)
1374 3559 1594 3608 Annales
1610 3560 1669 3608 de
1684 3559 2005 3608 l'association
2020 3575 2151 3624 pour
2177 3557 2230 3608 la,

1197 3644 1520 3707 propaqation
1545 3642 1602 3690 de
1619 3642 1766 3706 lasci,
1788 3659 1890 3708 pag.
1912 3642 2007 3708 273
2029 3652 2072 3690 et
2087 3659 2221 3708 seqq.
