2554 4140
287 81 367 140 74

945 102 1014 138 DE
1058 101 1210 141 VERA
1252 101 1376 141 nm„
1427 104 1558 144 Anv.
1603 102 1758 142 mou.

375 247 513 305 190.
563 247 638 307 At
679 242 859 321 illud,
916 244 1075 326 quod
1112 244 1383 305 subditur
1421 246 1494 307 de
1529 248 1664 308 viva
1714 245 1868 321 fide,
1911 249 2067 309 Disc.
2111 252 2415 332 Tanquam

289 341 658 414 conditione,
700 361 894 422 neque
931 351 1131 400 tamen
1166 342 1229 399 in
1269 342 1541 402 omnibus
1587 340 1849 417 casibu5.‚
1891 364 2082 412 oonc.‚·
2129 357 2416 427 tanquam

288 458 456 496 causa
481 434 769 496 efficiente
787 481 803 511 ‚
831 448 892 496 et
912 437 1154 518 quidem
1178 459 1411 521 semper
1430 484 1448 514 ‚
1474 461 1602 519 neq.
1635 439 1847 498 Mortui
1869 440 2030 499 enim
2053 461 2119 500 ac
2149 441 2414 501 sensibus

288 531 555 591 destituti
601 531 887 610 ejusmodi
931 532 1110 592 fidem
1142 532 1359 594 habere
1395 557 1518 594 non
1555 545 1837 617 possunt,
1878 535 1926 606 si
1950 534 2023 594 de
2057 535 2416 616 patientibus

287 648 480 686 sermo
515 627 611 687 sit.
652 629 708 687 Si
759 650 899 690 vero
947 628 1020 689 de
1062 629 1368 709 agentibus
1414 631 1725 714 loquamur
1750 677 1766 706 ‚
1804 630 2022 691 adnoto
2054 676 2070 706 ‚
2112 624 2419 692 interdum

289 724 479 780 Deum
504 724 784 783 miracula
804 725 1032 806 operari
1058 747 1163 807 per
1186 715 1369 786 malos
1391 725 1659 787 homines
1678 772 1694 803 ‚
1733 750 1854 786 non
1897 725 2136 809 quidem
2169 728 2234 787 in
2273 747 2418 786 con-

288 818 678 879 firmationem
711 821 920 881 erroris
941 865 957 895 ,
999 820 1156 902 quod
1187 821 1312 880 fieri
1350 823 1590 903 nequit,
1633 822 1736 882 secl
1769 823 1845 883 ad
1884 822 2419 882 manifestationem

288 913 481 994 gloriae
500 938 642 975 suae.
672 918 936 977 Perversi
962 917 1121 975 enim
1148 916 1415 976 homines
1433 916 1748 1000 aliquando
1771 919 1981 978 dicturi
2005 930 2144 977 sunt
2161 945 2177 978 ;
2202 918 2418 979 Nonne

288 1014 358 1068 in
385 1016 627 1070 nomine
651 1023 752 1071 tuo
784 1016 1033 1071 virtutes
1062 1014 1286 1071 multas
1306 1015 1568 1092 fecimus
1590 1013 1722 1094 (l)?
1753 1014 1922 1088 Quod
1945 1015 1994 1073 si
2018 1014 2160 1074 fides
2197 1015 2418 1097 passim

289 1107 606 1188 requiritur
655 1107 731 1166 ad
779 1107 1068 1189 patranda
1119 1107 1397 1167 miracula
1419 1153 1435 1184 ,
1481 1109 1799 1195 requiritur
1845 1121 2082 1169 tantum
2132 1121 2418 1192 tanquam

291 1201 580 1279 conditi0,
616 1215 681 1262 ut
719 1196 941 1263 dic‘tum
974 1215 1099 1279 est,
1149 1205 1393 1263 minime
1438 1226 1578 1266 vero
1626 1215 1911 1286 tanquam
1956 1227 2124 1265 causa
2162 1205 2416 1266 efficiens

291 1299 707 1358 miraculorum
725 1346 741 1374 ,
771 1312 839 1359 ut
864 1299 1180 1361 adversarii
1205 1310 1549 1384 supponunt
1570 1346 1587 1375 ,
1627 1299 1784 1382 quod
1812 1312 2014 1360 tamen
2050 1323 2224 1361 nemo
2246 1301 2417 1361 dicet.

292 1393 558 1454 Addatur
600 1395 752 1455 hanc
793 1395 973 1456 fidem
1003 1419 1310 1480 nunquam
1342 1397 1604 1480 operari,
1644 1397 1758 1455 nisi
1797 1419 1904 1478 pro
1950 1395 2175 1475 objecto
2207 1396 2421 1456 habeat

296 1492 484 1550 Deum
505 1538 522 1567 ‚
559 1491 859 1551 Christum
881 1539 897 1568 a
927 1505 1028 1552 aut
1053 1494 1291 1553 Sanctos
1315 1498 1435 1571 ejus
1453 1538 1469 1570 ‚
1488 1515 1611 1551 non
1639 1504 1838 1552 autem
1864 1491 2187 1573 quamlibet
2207 1491 2419 1569 alium3

295 1607 366 1645 ex
403 1609 519 1668 quo
558 1610 793 1647 rursum
828 1588 1291 1671 deprehenditur
1320 1589 1650 1669 argumenti
1681 1587 1925 1647 fallacia.

381 1683 521 1742 191.
571 1683 659 1742 Ad
691 1685 811 1760 2¹¹¹,
846 1686 998 1766 Neq.
1038 1686 1407 1768 suppositum
1432 1730 1448 1760 ‚
1487 1695 1554 1743 ut
1590 1694 1757 1767 patet
1784 1704 1856 1743 ex
1883 1682 2050 1742 dictis
2071 1728 2087 1758 ,
2124 1682 2220 1745 vel
2259 1684 2417 1742 Disc.

296 1775 615 1840 Nonnullae
648 1781 980 1840 sanationes
1002 1803 1205 1841 eorum
1225 1829 1240 1859 7
1269 1781 1595 1863 praesertim
1622 1780 1724 1862 qui
1754 1778 2095 1862 perturbata
2121 1779 2427 1860 phantasia

296 1873 393 1935 vel
429 1876 686 1935 amentia
725 1875 1029 1952 laborant,
1076 1888 1267 1937 trans,
1324 1877 1418 1939 vel
1467 1898 1659 1944 oon0.‚·
1702 1896 1905 1935 omnes
1954 1886 2015 1934 et
2055 1875 2119 1934 in
2166 1873 2429 1956 quolibet

298 1991 434 2030 casu
453 2016 471 2046 .,
495 1995 626 2053 neq.
650 1971 830 2033 Valde
853 1974 1115 2034 conferre
1138 1975 1581 2056 persuasionem
1605 1970 2017 2053 recuperandae
2042 1970 2393 2055 valetudinis
2408 2013 2426 2043 ,

300 2077 360 2125 et
397 2068 462 2125 in
504 2067 807 2126 nonnullis
842 2067 1067 2128 casibus
1103 2069 1334 2144 valere,
1377 2069 1536 2151 apud
1572 2091 1775 2128 omnes
1811 2079 2178 2149 compertum
2211 2078 2335 2142 est,
2365 2087 2431 2125 ac

301 2183 426 2220 non
451 2161 643 2221 solum
670 2163 880 2223 medici
909 2162 1237 2222 admittunt
1258 2209 1274 2238 ,
1311 2164 1414 2224 sed
1449 2176 1508 2223 et
1531 2165 1658 2246 ipse
1683 2162 2027 2223 Benedictus
2052 2163 2181 2220 XIV
2207 2162 2296 2240 (2)
2321 2183 2429 2243 pro

303 2268 460 2317 certo
495 2256 711 2332 habet3
752 2281 931 2340 quare
958 2271 1019 2319 et
1044 2260 1139 2319 hic
1169 2281 1331 2319 casus
1366 2261 1427 2318 in
1453 2257 2009 2340 Congregationibus
2041 2258 2280 2316 Rituum
2308 2279 2432 2339 prae

305 2353 483 2413 oculis
515 2353 766 2414 habetur
795 2354 906 2436 (3)3
935 2355 1111 2437 idque
1133 2356 1501 2439 potissimum
1526 2354 1684 2416 valet
1707 2354 1781 2413 ad
1806 2354 2205 2433 corrigendam
2234 2353 2435 2413 laesam

306 2451 679 2533 phantasiam
711 2451 826 2532 (4).
855 2454 959 2512 Ast
985 2451 1299 2535 pervicacis
1326 2497 1343 2528 ,
1387 2473 1465 2512 ne
1500 2451 1693 2511 dicam
1723 2450 2066 2509 insanientis
2090 2495 2106 2524 ‚
2152 2459 2242 2508 est
2283 2447 2434 2511 velle

308 2651 366 2683 ex
405 2634 537 2682 ssuvii
583 2630 731 2681 fundo
778 2648 920 2699 super
957 2651 1101 2700 aquas
1145 2631 1333 2681 Elisaeus

309 2719 542 2766 revocavit
572 2718 650 2781 (iv
683 2715 799 2781 Reg.
830 2732 898 2777 vi,
923 2713 989 2779 6)
1018 2754 1031 2778 ,
1064 2716 1257 2783 aliisque
1285 2716 1333 2765 id

311 2819 457 2866 genus
467 2802 709 2861 sexcentis,
723 2801 890 2867 quaein
907 2802 1145 2866 scripturis
1165 2802 1337 2848 utrius-

312 2900 410 2950 que
441 2885 623 2933 foederis
657 2894 937 2949 occurrunt3
986 2894 1040 2933 ut
1073 2884 1233 2933 sileam
1277 2883 1337 2931 de

314 2969 371 3015 iis
395 3004 409 3027 ‚
440 2983 549 3032 quae
568 2969 619 3015 in
637 2978 906 3016 sanctorum
935 2967 1224 3032 processibus
1251 2984 1336 3016 au-

315 3051 536 3098 thenticis
557 3051 800 3116 leguntur,
828 3061 880 3099 ut
907 3054 959 3099 iu
985 3054 1098 3100 actis
1120 3052 1170 3101 S.
1193 3052 1228 3099 F
1231 3070 1336 3100 rau-

317 3134 452 3182 ciscae
477 3132 702 3182 Romanae
719 3171 733 3190 ‚
759 3131 806 3181 S.
824 3133 1050 3183 Theresiae
1069 3170 1087 3196 ‚
1105 3133 1156 3182 S.
1180 3134 1337 3182 Mariae

319 3214 602 3280 Magdalenae
627 3216 685 3265 de
707 3215 867 3277 Pazzi,
897 3215 948 3265 S.
979 3215 1137 3264 Aloisii
1163 3215 1338 3265 Gonza-

322 3314 386 3363 gae
402 3336 417 3359 ‚
447 3296 498 3347 S.
522 3297 753 3348 Francisci
786 3299 969 3349 Xaverii
987 3336 1000 3361 ,
1022 3299 1080 3349 Β.
1108 3299 1338 3348 Francisci

323 3385 382 3434 de
411 3383 692 3450 Hieronymo
710 3418 726 3444 ‚
760 3394 850 3434 etc.

395 3467 456 3531 (1)
494 3465 661 3515 Matth.
699 3474 760 3514 vii
784 3503 797 3525 ‚
833 3482 919 3515 22.

395 3549 458 3615 (2)
495 3548 576 3598 De
591 3549 734 3599 Beat.
754 3558 799 3598 et
817 3549 948 3599 Can.
967 3547 1155 3610 Samot„
1171 3548 1257 3598 lib.
1275 3566 1342 3610 iv,

330 3648 374 3684 c.
400 3633 492 3684 ult.
517 3633 601 3683 ubi
625 3633 685 3684 de
703 3633 792 3684 hoc
818 3642 1090 3698 argumento
1118 3632 1220 3684 fuse
1236 3634 1343 3699 agit.

1481 2631 1549 2695 (3)
1588 2631 1774 2681 Ibidem
1788 2633 1913 2680 inter
1929 2639 2105 2679 ceteras
2121 2629 2434 2693 difficultates,

1415 2733 1529 2781 quas
1542 2717 1638 2780 ipse
1662 2714 2001 2763 Lambertinius
2017 2717 2262 2779 opposuit,
2286 2730 2436 2780 quum

1417 2797 1570 2847 officio
1600 2799 1873 2863 promotoris
1903 2797 2013 2844 fidei
2056 2797 2351 2861 fungeretur,
2393 2806 2439 2843 et

1416 2882 1539 2931 hanc
1570 2883 1799 2947 promovit
1844 2883 1896 2928 in
1938 2896 2073 2928 causa
2123 2878 2173 2928 S.
2209 2878 2244 2925 F
2249 2880 2438 2926 rancisci

1417 2965 1572 3030 Regis.
1610 2964 1680 3014 De
1708 2965 1870 3013 eadem
1901 2978 2086 3010 rursum
2112 2971 2269 3010 actum
2298 2971 2365 3009 est
2388 2963 2440 3008 in

1419 3051 1566 3097 causis
1580 3047 1634 3096 B.
1664 3047 1693 3096 J
1696 3048 1857 3096 oannis
1875 3046 1931 3093 de
1955 3044 2120 3107 Prado,
2138 3043 2190 3093 S.
2209 3043 2441 3092 Vincentii

1420 3149 1445 3179 a
1466 3130 1610 3179 Paulo
1630 3167 1644 3191 ‚
1674 3129 1731 3179 B.
1763 3128 1886 3178 Petri
1913 3127 2114 3187 Forerii‚
2149 3127 2274 3192 apud
2304 3143 2439 3175 eum-

1421 3213 1528 3261 dem
1548 3250 1561 3272 ,
1580 3212 1664 3260 lib.
1695 3229 1771 3271 iv,
1804 3228 1854 3275 p.
1881 3227 1924 3270 1,
1949 3227 2053 3275 cap.
2089 3206 2168 3258 15.

1490 3295 1555 3358 (la)
1577 3294 1714 3343 Cous.
1731 3293 1955 3342 Muratori
1974 3329 1986 3352 ‚
2006 3290 2152 3340 Della
2162 3290 2305 3356 forza
2320 3286 2443 3336 della

1414 3378 1636 3443 fantasia
1650 3375 2031 3436 umana‚Venez.
2045 3392 2062 3423 1
2073 3372 2169 3439 745
2181 3410 2194 3434 ,
2208 3367 2369 3437 cap.8‚
2387 3386 2450 3436 93.

1434 3452 1617 3526 Opusc.
1637 3459 1891 3523 scientifici
1909 3457 1963 3505 di
1972 3456 2194 3521 Boloqna
2211 3492 2224 3515 ,
2250 3463 2366 3501 tom.
2384 3467 2401 3498 1
2423 3489 2438 3512 ‚

1437 3560 1454 3591 1
1473 3559 1527 3610 ¹7
1558 3553 1601 3590 et
1617 3541 1993 3608 seqq.;Leufnen
2012 3578 2025 3602 ,
2048 3536 2153 3587 Sur
2183 3534 2446 3601 l'impossi-

1429 3625 1563 3675 bime
1579 3624 1658 3674 des
1673 3625 1943 3692 operatiom
1957 3619 2330 3689 sympathiques.
2360 3615 2447 3665 Hic
