2554 4140
306 209 392 250 XII
1029 195 1297 240 LECTORI
1348 194 1675 240 BENEVOLO
1685 226 1699 239 .

402 356 569 426 Haec
606 354 820 421 ferme
863 365 1066 440 sunt,
1103 374 1256 445 quae
1292 348 1754 418 reluctantem
1788 374 1899 419 me
1940 348 2066 420 diu
2101 352 2438 424 multum-

305 505 442 577 que
471 497 539 547 et
562 498 737 565 aegre
759 471 1092 542 ferentem
1119 522 1144 564 ,
1171 490 1295 564 ut,
1321 499 1476 570 quae
1501 472 1838 544 hactenus
1861 477 1933 544 in
1959 473 2094 544 hoc
2118 476 2438 549 Romano

305 600 626 691 Collegio
677 596 1235 668 adolescentibus
1271 598 1759 691 praelegeram,
1808 601 1993 694 typis
2031 599 2390 692 vulgarem
2419 656 2438 695 ,

303 722 589 793 tandem
655 719 1144 792 accedentibus
1213 722 1726 791 nonnullorum
1805 707 2440 816 postulationibUS‚

299 846 691 934 volentem,
758 862 966 942 atque
1008 843 1183 913 adeo
1235 843 1521 912 forta-sse
1579 843 1918 914 audacem
1974 846 2233 937 fecere3
2286 873 2443 943 quae

297 968 596 1067 proinde
640 972 852 1040 etiam
887 968 1233 1065 praeloqui
1283 969 1480 1038 volui
1513 1020 1531 1059 ‚
1568 987 1696 1062 ut,
1741 971 1864 1065 qui
1905 970 2116 1039 fuerit
2154 968 2327 1040 mihi
2369 972 2441 1039 in

300 1092 437 1164 hoc
480 1121 689 1188 opere
741 1089 1252 1163 conscribendo
1303 1092 1578 1160 animus
1608 1145 1627 1184 7
1673 1088 1869 1188 quod
1929 1094 2002 1161 in
2042 1119 2124 1161 eo
2168 1089 2443 1161 edendo

303 1217 679 1287 consilium
703 1267 728 1310 ,
799 1218 1092 1314 quisque
1158 1215 1603 1309 perspiceret.
1675 1215 2007 1284 Ceterum
2067 1241 2445 1312 quemnam

304 1333 722 1410 sortiturum
760 1341 851 1408 sit
887 1338 1178 1409 demum
1224 1340 1492 1407 exitum
1524 1392 1542 1430 ,
1586 1338 1907 1407 futurum
1946 1363 2032 1406 ne
2069 1339 2158 1406 sit
2187 1357 2267 1407 ut
2286 1366 2443 1433 pro-

304 1463 512 1533 betur
572 1489 700 1533 nec
774 1490 903 1551 nte,
964 1488 1177 1559 quam
1240 1461 1545 1532 divinari
1604 1462 1953 1530 inutiliter
2018 1479 2086 1530 et
2134 1462 2446 1531 blandiri

305 1587 526 1679 mihi,
577 1587 763 1656 malo
827 1588 1182 1655 committi
1239 1587 1559 1681 aequitati
1609 1587 1908 1681 usuique
1964 1585 2349 1676 lectorum⁷
2392 1587 2448 1655 si

304 1713 500 1803 prius
544 1728 779 1779 tamen
838 1711 1358 1802 benignissimae
1395 1711 1528 1778 Dei
1579 1706 2043 1803 providentiae
2096 1736 2451 1779 commen-

305 1831 613 1926 davem,
672 1837 743 1902 in
792 1838 991 1928 cujus
1039 1836 1383 1927 majorem
1449 1833 1747 1926 gloriam
1807 1833 1971 1903 volo
2026 1852 2261 1902 totum
2314 1832 2448 1902 hoc

302 1955 506 2027 cedat
562 1955 1042 2053 quodcunque
1089 1976 1214 2026 est.
1271 1958 1513 2026 Restat
1568 1976 1645 2026 ut
1702 1955 2308 2053 quemadmodum
2370 1984 2451 2027 ex

310 2079 716 2170 Augustino
741 2082 1020 2173 accepi,
1056 2105 1197 2174 quo
1239 2078 1598 2147 exordirer
1622 2132 1639 2166 ‚
1663 2079 1750 2147 ab
1791 2105 1874 2147 eo
1915 2082 2125 2148 etiam
2169 2099 2454 2150 mutuer

307 2227 452 2296 quo
490 2200 703 2270 finem
749 2202 999 2270 faciam
1029 2256 1046 2293 7
1073 2199 1257 2270 illud
1281 2227 1488 2271 orans
1532 2227 1820 2293 omnes⁷
1856 2202 1927 2269 in
1953 2227 2256 2298 quorum
2299 2228 2448 2271 ma-

307 2350 441 2393 nus
473 2344 710 2394 nostra
733 2325 876 2395 haec
914 2328 1361 2420 pervenerint
1385 2377 1410 2418 ,
1439 2345 1520 2395 ut
1551 2326 1816 2396 scilicet
1838 2379 1855 2416 ‚
1880 2330 2047 2423 quia
2088 2330 2271 2395 sicut
2307 2326 2458 2395 Dei

309 2446 522 2538 data,
567 2452 666 2518 sic
719 2453 930 2518 eliam
967 2476 1122 2518 mea
1159 2464 1395 2518 errata
1435 2474 1819 2544 cognosc-0,
1861 2475 2003 2519 non
2057 2449 2282 2518 solam
2321 2477 2449 2519 cu-

310 2597 465 2640 ram
498 2570 785 2668 legentis
808 2573 1263 2667 impendant,
1301 2572 1431 2643 sed
1463 2578 1671 2643 etiam
1698 2600 2070 2644 censuram
2099 2579 2448 2670 corrigen-

311 2698 395 2764 tis
434 2697 959 2795 assumant(1).
2101 2692 2103 2699 ¹

379 2928 450 2989 (l)
491 2928 657 2996 Epist.
693 2931 756 2997 37
778 2969 790 2992 ‚
833 2931 919 2985 Ad
948 2930 1352 2998 Simplicianum.
