2554 4140
296 133 412 191 122
954 151 1022 188 ΒΕ
1064 153 1216 190 VERA
1260 153 1382 189 nm.
1427 150 1559 192 Anv.
1608 153 1763 191 mcu-

228 362 234 367 ,
292 311 556 358 mortuus
583 317 704 354 non
735 306 885 355 esset
906 341 921 370 ,
953 318 1080 378 neq.
1116 296 1283 357 Addo
1318 298 1514 356 omnia
1545 298 1819 376 adjuncta
1856 321 2095 361 omnem
2126 303 2419 385 possibili-

292 407 472 453 tatem
503 390 808 451 excludere
833 394 1115 474 suppositi
1147 392 1638 453 adversariorum.

372 486 513 546 305.
566 486 654 546 Ad
698 486 818 562 4111,
875 489 1029 569 Ney.
1076 489 1413 549 Sacerdotes
1454 491 1613 551 enim
1650 512 1714 550 ac
1750 490 2062 572 pharisaei,
2116 494 2216 574 qui
2257 505 2424 555 tanta

291 583 584 641 anxietate
615 594 676 642 et
709 583 1095 644 sollicitudine
1123 584 1393 645 excubias
1425 609 1454 644 a
1481 586 1668 645 Pilato
1705 587 2005 668 petierunt
2025 635 2040 663 ,
2073 600 2141 648 ut
2186 611 2426 650 omnem

291 677 481 736 fraudi
515 678 739 737 aditum
764 680 1221 761 praecluderent,
1250 681 1394 741 tales
1424 683 1668 741 omnino
1695 706 1816 741 non
1843 695 2045 761 erant,
2088 685 2223 766 qui,
2257 697 2426 746 ante-

293 797 470 856 quam
515 774 829 855 diligenter
867 777 1355 858 introspicerem,
1404 777 1658 857 sigillum
1694 801 1992 861 apponere
2047 781 2269 841 Vellent
2310 781 2422 862 (l).

376 870 515 931 306.
562 873 705 930 Inst.
761 873 824 930 10
858 874 973 931 Cur
997 874 1174 952 igitur
1216 873 1478 954 Apostoli
1516 897 1639 934 non
1681 877 1981 958 petierunt
2018 899 2050 936 a
2083 877 2269 937 Pilato
2303 889 2430 938 acta

289 968 535 1046 juridica
575 969 1013 1028 resurrectionis
1053 969 1301 1042 Christi,
1341 980 1407 1026 ut
1447 969 1545 1028 illa
1580 972 1856 1032 universo
1907 972 2035 1031 orbi
2085 974 2431 1034 exhibentes

294 1062 473 1123 fidem
501 1064 762 1124 facerent
789 1065 1054 1123 veritatis
1083 1063 1369 1144 ejusmodi
1398 1068 1880 1128 resurrectionis?
1909 1070 1978 1127 20
2011 1070 2127 1129 Cur
2156 1069 2428 1150 synedrio

295 1160 357 1218 id
391 1181 732 1242 persuasum
767 1182 889 1219 non
929 1160 1074 1235 fuit,
1128 1181 1487 1242 quamquam
1525 1172 1586 1220 et
1634 1162 1890 1222 militum
1929 1165 2227 1225 accederet
2266 1165 2434 1224 testi-

297 1255 604 1315 monium?
632 1257 702 1316 3⁰
729 1258 844 1316 Cur
869 1256 1113 1316 demum
1153 1257 1416 1316 Christus
1445 1280 1563 1316 non
1599 1279 1659 1317 se
1689 1257 1885 1318 denuo
1916 1260 2250 1321 redivivum
2278 1261 2438 1340 genti

296 1352 584 1412 universae
623 1352 887 1418 exhibuit
913 1352 991 1412 ad
1016 1353 1481 1413 confirmandam
1520 1355 1821 1436 propriam
1852 1356 2191 1416 missionem
2214 1402 2230 1430 ,
2277 1377 2431 1439 prae-

302 1448 504 1505 sertim
553 1471 739 1529 quum
784 1450 993 1531 saepius
1037 1449 1387 1508 miraculum
1426 1451 1861 1510 resurrectionis
1910 1452 2093 1512 veluti
2156 1464 2432 1512 tesseram

301 1542 513 1604 divinae
555 1567 674 1604 suae
701 1546 988 1605 missionis
1024 1545 1437 1628 proposuerit?

386 1640 526 1700 307.
573 1645 744 1723 Resp.
780 1642 854 1701 ad
883 1644 961 1701 1ιῐι
984 1688 1000 1717 ,
1034 1643 1178 1717 Quia
1207 1642 1466 1725 Apostoli
1491 1644 1686 1702 omnia
1712 1665 1744 1702 a
1773 1646 1893 1703 Deo
1913 1689 1928 1718 ,
1960 1643 2110 1703 nihil
2135 1644 2209 1703 ab
2238 1644 2435 1703 homi--

300 1736 475 1795 nibus
534 1739 873 1820 sperabant.
937 1738 1211 1798 Miracula
1236 1784 1252 1813 ‚
1311 1760 1439 1820 quae
1497 1738 1814 1821 patrabant
1870 1740 1943 1799 ad
2006 1740 2435 1800 testificandam

304 1833 518 1892 Christi
552 1835 1075 1911 resurrectionem,
1124 1835 1298 1916 longe
1334 1835 1542 1896 melius
1588 1836 1739 1895 hanc
1771 1841 2086 1896 veritatem
2122 1838 2437 1896 confirma—-

302 1927 486 2004 bant,
526 1953 704 2013 quam
756 1932 973 2014 quaevis
1015 1944 1144 1991 acta
1181 1932 1429 2011 juridica
1455 1979 1470 2008 ,
1521 1954 1774 2015 quorum
1830 1932 2341 1993 authenticitatem
2374 1935 2438 1991 in

304 2026 549 2085 dubium
578 2027 844 2088 homines
877 2050 1148 2090 revocare
1188 2030 1539 2109 potuissent.

389 2121 530 2181 308.
568 2123 656 2181 Ad
672 2126 776 2200 2¹¹³,
794 2127 955 2199 Dico,
983 2124 1324 2205 synedrium
1338 2118 1483 2183 adeo
1501 2135 1726 2183 certum
1748 2145 2210 2206 persuasumque
2237 2124 2438 2198 fuisse,

305 2230 373 2276 ut
408 2219 469 2275 1⁰
498 2221 743 2301 pecunia
768 2219 981 2280 milites
1018 2221 1342 2302 corruperit
1369 2266 1383 2295 ,
1416 2220 1484 2276 20
1514 2231 1580 2278 ut
1619 2219 1834 2278 milites
1870 2219 1946 2278 ob
1982 2219 2305 2278 socordiam
2337 2219 2443 2277 mi-

307 2316 468 2374 nime
505 2317 808 2397 puniverit
833 2362 849 2392 ,
904 2317 971 2376 30
1014 2328 1082 2375 ut
1126 2315 1429 2398 Apostolos
1473 2316 1643 2395 (Act.
1692 2316 1847 2395 IV),
1905 2325 2187 2374 testantes
2227 2314 2444 2372 Christi

307 2415 834 2487 resurrectionem,
890 2412 1072 2473 veluti
1115 2411 1561 2494 sepulchrorum
1608 2410 1918 2470 violatores
1964 2431 2158 2491 neque
2207 2430 2443 2467 accusa-

308 2508 460 2569 verit
505 2529 700 2590 neque
739 2508 1117 2569 mulctaverit
1141 2555 1157 2582 ,
1197 2507 1299 2567 sed
1332 2508 1469 2590 ipsis
1514 2518 1749 2565 tantum
1791 2507 2078 2580 vetuerit,
2120 2526 2197 2563 ne
2230 2504 2444 2563 Christi

308 2604 652 2684 religionem
674 2594 1061 2687 Praedicarent
1096 2617 1153 2664 et
1176 2605 1528 2663 inducerent
1551 2625 1727 2685 super
1757 2625 1816 2662 se
1848 2603 2193 2683 sanguinem
2225 2601 2440 2659 Christi

310 2701 513 2776 occisi,
549 2700 614 2759 40
640 2713 706 2760 ut
743 2701 931 2760 multa
962 2699 1133 2760 turba
1170 2699 1534 2760 sacerdotum
1575 2700 1739 2781 (Act.
1780 2701 1851 2758 VI
1870 2744 1887 2776 ‚
1920 2699 2000 2780 7)
2027 2696 2239 2758 Christi
2263 2695 2441 2754 fidem

311 2797 581 2880 amplexa
612 2799 710 2858 sit.

385 3003 448 3066 (1)
469 3003 525 3053 G.
543 3004 712 3052 Paulus
729 3023 783 3053 ex
799 3006 1129 3055 recentioribus
1147 3005 1332 3054 biblicis
1410 3004 1545 3070 fahrt
1564 3002 1686 3052 Jesu
1699 3040 1714 3064 ‚
1750 3021 1829 3052 seu
1851 3001 2043 3049 Philos.
2066 3000 2178 3047 hist.
2218 3008 2263 3047 et
2287 3000 2444 3047 critic.

313 3088 672 3152 protestantibus
690 3089 981 3136 rationalistis
1001 3126 1013 3148 ,
1038 3087 1222 3137 Comm.
1244 3106 1296 3135 m
1322 3125 1334 3149 ,
1417 3104 1588 3136 comm.
1622 3103 1768 3153 super
1804 3085 1916 3134 hist.
1960 3083 2219 3150 sepultura?
2236 3118 2251 3143 ‚
2286 3099 2447 3140 remor.-

315 3171 372 3218 ad
393 3170 557 3218 Mauh.
584 3187 705 3218 xxvn
726 3207 739 3231 ,
766 3169 830 3218 50
846 3207 858 3231 ‚
879 3189 981 3235 pag.
1003 3168 1102 3219 810
1121 3182 1165 3219 et
1180 3189 1335 3236 seqq.,
1421 3172 1648 3219 rectionis
1691 3179 1733 3217 et
1773 3170 2073 3216 ascensionis
2117 3165 2239 3213 Jesu
2261 3203 2273 3225 ,
2321 3165 2443 3228 Lips.

317 3253 448 3317 plura
475 3256 703 3318 congessit
726 3291 738 3311 ‚
768 3254 940 3318 quibus
964 3253 1161 3301 efficeret
1175 3253 1336 3302 Jesum
1431 3251 1558 3302 1826
1581 3292 1593 3312 ,
1620 3271 1722 3318 pag.
1766 3249 1854 3314 ¹87
1897 3261 1939 3298 et
1962 3268 2092 3315 seqq.
2125 3259 2169 3297 et
2199 3249 2352 3313 plures
2367 3245 2447 3294 alii

317 3336 553 3384 Christum
572 3353 666 3382 non
688 3351 791 3383 vere
813 3347 1048 3383 mortuum
1073 3375 1084 3396 ,
1102 3337 1179 3385 sed
1195 3339 1340 3385 animi
1424 3355 1477 3385 ex
1522 3339 1632 3401 ipsis
1665 3339 1714 3382 in
1755 3334 1878 3380 hanc
1912 3335 2188 3380 sententiam
2226 3338 2452 3377 venerunt

318 3419 577 3485 deliquium
612 3434 796 3482 passum
830 3436 943 3466 esse.
974 3418 1051 3467 Sic
1074 3419 1335 3467 A.Henne-
1426 3420 1549 3485 apud
1581 3416 1781 3465 Kuinoel
1814 3418 1863 3462 in
1894 3414 2079 3462 Comm.
2110 3430 2217 3478 sup.
2257 3407 2446 3460 Matth.

320 3501 450 3565 berg,
474 3498 657 3547 Philost.
693 3499 807 3548 hist.
841 3501 944 3547 und
973 3501 1088 3550 krit.
1108 3518 1346 3549 commen·
1430 3505 1480 3548 in
1522 3502 1647 3547 hunc
1679 3500 1853 3546 locum.
1882 3499 1962 3545 Ast
1992 3512 2210 3563 quaenam
2240 3503 2334 3540 tam
2367 3491 2449 3539 ab·

318 3592 395 3630 tar
417 3583 535 3630 iiber
559 3582 636 3631 die
655 3580 906 3631 Gechichte
934 3583 1015 3630 des
1044 3583 1345 3647 Beqrdbnis-
1429 3584 1566 3631 surda
1592 3592 1698 3630 sunt
1721 3617 1734 3642 ,
1769 3599 1869 3646 quae
1891 3583 2022 3645 impii
2041 3575 2268 3645 ejusmodi
2293 3575 2447 3622 homi-

323 3682 396 3712 ses
420 3703 431 3725 ,
466 3667 550 3714 der
582 3666 939 3731 Auser-stehunq
968 3666 1070 3714 und
1101 3666 1340 3714 Himmel-
1426 3685 1509 3715 nes
1537 3683 1633 3714 non
1662 3666 1974 3714 admiserint?
