2554 4140
304 158 424 217 294

938 173 1007 210 DE
1053 174 1201 212 VERA
1246 173 1366 209 REL.
1419 175 1548 212 ADV.
1595 175 1796 211 HETER.

306 319 551 403 perinde
579 337 644 375 ac
668 315 716 374 si
744 314 819 374 ad
845 314 1061 374 Christi
1096 313 1407 375 Ecclesiam
1430 316 1828 397 pertinerent,
1862 317 1958 376 vel
1982 321 2156 379 ceteri
2183 341 2386 380 omnes
2406 366 2422 394 .,

307 417 407 497 qui
441 412 826 472 christianum
854 433 1075 472 nomen
1108 423 1352 491 gerunt,
1395 432 1463 470 eo
1493 410 1652 493 quod
1679 412 1742 470 in
1778 411 2074 471 Christum
2108 434 2168 473 se
2195 415 2428 480 credere

306 509 680 592 profitentur.
710 509 958 568 Necesse
975 507 1135 567 enim
1158 518 1438 589 praeterea
1462 518 1549 565 est
1569 552 1585 581 .,
1619 517 1686 565 ut
1702 507 2038 588 pertineant
2053 507 2129 566 ad
2142 508 2431 570 unitatem

307 615 438 663 tum
459 603 596 663 fidei
619 614 747 662 tum
771 603 1069 684 regiminis
1090 646 1107 676 ‚
1135 602 1370 684 qualem
1394 601 1657 661 Christus
1683 601 1972 677 instituit,
2010 614 2069 662 et
2091 613 2164 663 ut
2189 615 2433 663 teneant

308 721 438 760 eam
483 699 845 776 doctrinam,
903 720 1084 781 quam
1123 698 1388 757 Christus
1437 718 1543 780 per
1594 696 1927 756 Ecclesiam¹
1952 719 2118 757 suam
2164 698 2432 758 homines

311 794 528 855 docuit.

390 891 536 950 201.
586 889 860 972 Sequitur
888 888 984 958 20,
1019 909 1090 948 ex
1117 886 1526 969 desperatione
1550 887 1893 948 inveniendi
1927 889 2235 948 veritatem
2267 899 2327 948 et
2358 885 2433 947 ob

311 987 549 1046 insitam
600 1007 706 1044 suo
754 982 1057 1065 systemati
1109 980 1557 1042 fluctuationem
1602 995 1662 1043 et
1706 996 2019 1067 perpetuas
2079 985 2390 1046 varietates
2420 1030 2436 1058 .,

310 1082 709 1142 Protestantes
764 1078 1049 1138 adductos
1095 1077 1170 1137 ad
1216 1077 1329 1136 hoc
1371 1077 1545 1137 fuisse
1564 1123 1581 1152 ,
1633 1089 1701 1136 ut
1748 1079 1962 1141 scilicet
2009 1080 2440 1162 proclamarent

313 1176 788 1237 tolerantismum
826 1173 1163 1253 religiosum
1203 1172 1601 1234 universalem
1653 1177 1920 1233 omnium
1962 1177 2398 1236 sententiarum
2422 1222 2439 1249 ,

316 1272 663 1354 opinionum
681 1290 746 1328 ac
766 1268 1199 1352 paradoxorum
1221 1288 1724 1350 quarumcumque
1742 1280 2028 1330 sectarum
2047 1315 2063 1346 ,
2091 1292 2218 1352 quae
2235 1271 2443 1331 eodem

311 1367 654 1426 innituntur
701 1364 991 1446 principio
1041 1363 1522 1446 independentiae
1574 1386 1608 1423 a
1664 1384 2012 1447 quacunque
2062 1367 2440 1443 auctoritate,

313 1461 693 1542 ejusdemque
720 1460 941 1519 fructus
973 1459 1218 1539 legitimi
1244 1470 1386 1518 sunt
1420 1460 1534 1539 (l).

395 1557 538 1616 202.
588 1556 859 1636 Sequitur
914 1555 980 1614 30
1025 1555 1178 1614 hanc
1228 1577 1430 1616 veram
1478 1577 1601 1615 esse
1649 1576 1882 1614 causam
1924 1557 2249 1614 communis
2291 1555 2445 1614 illius
2531 1549 2554 1577 '⁴

318 1652 436 1712 odii
455 1697 472 1727 7
498 1675 615 1734 quo
635 1654 1035 1711 Protestantes
1057 1696 1073 1726 ‚
1099 1650 1492 1732 quodcunque
1508 1662 1717 1732 gerant
1735 1672 1984 1727 nomen,
2011 1661 2448 1733 prosequuntur

319 1747 634 1807 Ecclesiam
664 1746 1010 1805 catholicam
1037 1790 1054 1819 .,
1098 1768 1229 1828 quae
1262 1747 1402 1826 ipsis
1447 1769 1752 1829 nunquam
1781 1759 1961 1807 cessat
1985 1746 2233 1826 oincere
2266 1746 2447 1806 verba

317 1841 535 1902 Christi
576 1865 589 1901 :
642 1841 860 1902 Nescio
896 1863 1028 1915 vos,
1066 1863 1260 1924 neque
1299 1863 1398 1901 eos
1437 1843 1500 1900 in
1534 1864 1636 1902 sua
1669 1842 1896 1902 unitate
1934 1853 1994 1902 et
2035 1843 2448 1902 communione

317 1938 632 1999 consistere
655 1938 971 2021 permittit.

397 2033 543 2093 203.
594 2033 869 2116 Sequitur
905 2032 972 2092 40
1009 2033 1309 2095 haereticos
1350 2043 1411 2094 et
1441 2031 1837 2094 schismaticos
1863 2055 1924 2094 se
1955 2033 2195 2116 quidem
2230 2032 2305 2093 ab
2342 2035 2449 2093 Ec-

319 2129 492 2189 clesia
515 2151 811 2211 separasse
832 2175 847 2204 ,
881 2129 975 2192 vel
1010 2129 1182 2189 fuisse
1206 2151 1316 2211 per
1339 2128 1609 2189 eamdem
1640 2129 1911 2212 expulsos
1946 2128 2019 2189 ab
2056 2130 2277 2188 unitate
2296 2174 2312 2205 .,
2343 2150 2451 2188 nec

321 2236 522 2284 tamen
554 2246 758 2284 eorum
787 2247 1010 2285 errores
1050 2246 1114 2284 ac
1141 2225 1572 2307 perduelliones
1605 2226 1869 2288 Ecclesiae
1912 2225 2127 2286 Christi
2161 2226 2452 2285 unitatem

324 2321 421 2382 vel
452 2322 715 2382 scindere
748 2322 843 2383 vel
870 2322 1079 2384 laedere
1115 2345 1381 2404 unquam
1406 2323 1686 2404 potuisse.

1149 2513 1308 2554 DIFFI
1315 2513 1631 2555 CULTATES.

406 2637 550 2697 204.
599 2637 732 2716 obj.
776 2639 986 2720 prim0.
1032 2639 1088 2696 Si
1126 2639 1383 2719 haeretici
1422 2639 1514 2698 vel
1557 2638 1905 2697 schismatici
1935 2639 1999 2696 in
2041 2638 2284 2697 Ecclesia
2331 2661 2447 2697 non

328 2745 559 2809 essent,
592 2733 819 2793 nullam
854 2735 916 2792 in
945 2735 1099 2816 ipsos
1131 2733 1378 2794 Ecclesia
1411 2734 1879 2813 jurisdictionem
1915 2755 2184 2794 exercere
2213 2746 2451 2815 posset3

398 2925 463 2990 (l)
498 2925 593 2973 Les
610 2933 905 2991 protestans,
939 2928 1094 2993 inquit
1113 2926 1347 2975 Sismondi

333 3002 523 3072 (Hecu-e
556 3008 979 3074 encyckpfflique,
1018 3009 1143 3057 Paris
1167 3047 1181 3069 ‚
1225 3009 1348 3057 Mars

338 3088 484 3150 1826,
502 3101 589 3139 art.
620 3091 864 3156 Opiniom
881 3091 1168 3156 relz'yz'euses)
1184 3128 1197 3154 ‚
1217 3091 1350 3138 n'ont

323 3189 419 3237 pas
443 3172 656 3234 toujours
679 3173 792 3221 bien
820 3176 1029 3239 compris
1057 3173 1159 3222 leur
1173 3191 1350 3239 propre

331 3254 556 3318 system&
594 3254 655 3302 ils
692 3256 825 3304 ‘n’ont
849 3274 944 3322 pas
982 3258 1195 3322 toujours
1225 3257 1351 3304 senti

332 3351 423 3399 que
440 3335 832 3401 l’indapendance
861 3339 942 3386 des
969 3341 1195 3404 opinions
1222 3337 1352 3386 indi-

335 3416 564 3465 viduelles
587 3421 703 3466 &tait
724 3419 940 3470 l’essence
957 3421 1016 3469 de
1034 3420 1162 3469 leurs
1188 3421 1353 3486 &qlises

335 3501 562 3563 (haeretici
581 3505 704 3553 enim
731 3504 904 3553 habent
933 3504 1178 3556 Ecclesiaa
1194 3545 1207 3568 ,
1223 3524 1354 3555 nun-

335 3603 476 3650 quam
514 3584 842 3649 Ecclesiam),
888 3587 950 3635 ils
983 3589 1115 3637 n’ont
1131 3606 1226 3654 pas
1254 3597 1356 3637 tou-

329 3669 476 3730 joun
496 3672 698 3717 renone&
713 3666 1067 3734 dl'unisormite
1086 3672 1143 3719 de
1153 3688 1353 3735 croyon-

1429 2944 1510 2987 ce,
1558 2934 1603 2974 et
1647 2925 1707 2973 ils
1741 2935 1821 2974 ont
1854 2942 1988 2992 paru
2025 2924 2314 2991 quelquefbis
2357 2943 2458 2973 em—

1430 3011 1672 3059 barrasses
1699 3010 1755 3057 de
1787 3026 1839 3058 ce
1879 3009 2026 3075 qu’cm
2058 3009 2163 3057 leur
2189 3007 2458 3075 reprochait

1431 3093 1559 3142 leurs
1617 3095 1888 3151 variatione
1950 3104 1994 3142 et
2037 3093 2102 3141 les
2156 3111 2263 3141 nom
2275 3093 2460 3141 breuses

1432 3177 1726 3226 dissidences
1773 3176 1915 3242 qu'on
1969 3178 2179 3226 trouvait
2222 3177 2456 3224 entr’eux.

1432 3260 1626 3309 Encore
1683 3259 2000 3324 aujourd'lmi
2038 3276 2134 3307 une
2174 3259 2338 3307 moitie
2378 3257 2459 3304 des
2548 3285 2551 3287 —

1425 3351 1726 3410 protestans,
1767 3345 2033 3406 persistant
2075 3341 2198 3388 dans
2232 3340 2278 3388 la
2311 3342 2458 3387 memo

1436 3442 1631 3483 erreur,
1669 3424 1855 3471 comhat
1888 3441 2021 3490 pour
2043 3423 2209 3471 Punite}
2234 3422 2316 3470 des
2348 3421 2459 3468 doc-

1434 3509 1602 3567 trines,
1618 3508 1930 3573 quoiqu'avec
1950 3508 2059 3555 bien
2074 3524 2174 3572 peu
2188 3506 2244 3553 de
2257 3504 2459 3552 chauces

1436 3589 1492 3636 de
1515 3588 1731 3637 l’obtem'r
1749 3627 1761 3648 ‚
1774 3607 1920 3656 parce
1933 3607 2024 3656 que
2051 3588 2239 3637 chacun
2264 3583 2459 3633 cherche

1437 3678 1549 3719 cette
1566 3673 1700 3719 unite
1727 3671 1850 3719 dans
1876 3688 1946 3719 un
1992 3667 2190 3735 systame
2216 3668 2455 3734 different.
