2554 4140
1033 105 1355 145 comcmsm.
2127 86 2245 148 373

139 244 275 311 vilis
306 262 360 309 et
397 253 604 330 facilis
617 293 639 322 ,
676 261 750 309 ut
772 254 1012 328 percipi
1030 252 1217 327 possit
1227 289 1262 319 ,-
1286 249 1573 308 doctorem
1603 259 1715 307 aut
1754 252 2119 328 mayistrum
2151 271 2247 309 re-

139 350 368 425 quirit,
398 347 548 425 quid
574 348 906 404 temerarioe
931 344 1223 422 su'perbiae
1243 345 1527 420 plenius,
1568 365 1755 423 quam
1779 344 2143 402 divinorum·
2157 366 2248 403 sa-

140 451 583 500 eramentorum
618 441 801 498 libros
833 451 888 498 et
930 441 1009 498 ab
1041 440 1477 514 interpretibus
1516 442 1642 498 suis
1678 441 1829 497 nolle
1872 460 2204 518 ooqnosoere
2221 483 2246 512 ,

140 547 195 593 et
214 541 541 616 inooynitos
567 537 703 594 velle
738 529 1077 593 damnare?
1103 528 1517 608 Quamobrem
1543 538 1602 598 si
1627 534 1783 612 quid
1803 543 1853 591 te
1876 536 1966 592 vel
1984 539 2142 593 ratio
2163 537 2254 593 vel

139 635 326 689 oratio
346 641 548 688 nostra
578 632 924 698 commovit,
952 637 1008 685 et
1026 629 1087 684 si
1103 645 1308 682 veram
1323 667 1347 695 ,
1376 637 1448 682 ut
1473 629 1642 687 oredo
1658 676 1674 697 ,
1699 650 1916 687 euram
1940 633 2040 687 tui
2051 633 2214 709 yeris
2227 653 2249 696 ‚·

139 727 315 783 velim
343 747 427 783 me
459 727 712 797 audias,
754 725 925 781 bonis
960 719 1432 797 proeeeptoribus
1458 722 1757 781 catholieae
1781 727 2251 784 christianitatis

139 830 191 876 te
219 826 330 897 pia
359 821 478 897 fide
498 865 515 888 ‚
554 820 754 876 alacri
778 835 912 893 spe,
946 817 1219 892 simplici
1251 819 1501 873 caritate
1530 822 1900 887 committas,·
1936 821 2250 898 Deumque

135 916 375 991 ipsum,
408 917 584 988 eujus
611 914 801 968 unius
835 920 889 966 et
917 911 1171 968 bonitate
1202 911 1362 986 faeti
1396 931 1644 981 sumus,
1680 921 1734 968 et
1750 916 2005 990 justitia
2033 934 2246 991 peenas

138 1009 405 1077 luimus,
433 1016 489 1063 et
507 1006 817 1063 elementia
845 1005 1214 1077 liberamur,
1238 1025 1412 1062 orare
1437 1025 1555 1063 non
1579 1027 1771 1064 cesses.
1797 1007 1898 1065 Ita
1927 1008 2046 1064 tibi
2061 1028 2250 1086 neque

130 1110 427 1178 praecepta
450 1110 505 1158 et
528 1101 956 1177 disputationes
978 1101 1456 1159 doctissimorum
1486 1101 1800 1159 bominum
1826 1112 1883 1159 et
1900 1123 2027 1160 vere
2055 1102 2250 1160 obris-

135 1199 448 1254 tianorum
464 1238 483 1265 ,
529 1216 715 1273 neque
751 1195 903 1253 libri
924 1241 942 1264 ,
973 1216 1159 1274 neque
1194 1216 1409 1255 serenae
1448 1200 1596 1273 ipsoe
1631 1199 2008 1277 cogitationes
2038 1198 2250 1276 defue-

136 1294 298 1362 rint,
334 1290 559 1368 quibus
582 1291 767 1368 facile
800 1291 964 1368 quod
990 1294 1218 1370 quoeris
1242 1294 1518 1350 invenias
1550 1291 1661 1371 (l).

203 1477 271 1541 (l)
308 1477 414 1527 Lib.
458 1477 539 1526 De
583 1477 790 1527 utilitate
833 1477 1060 1527 credendi
1092 1516 1106 1541 ‚
1150 1496 1283 1546 capp.
1336 1477 1397 1529 16
1422 1516 1437 1541 ,
1493 1496 1549 1548 ι’]
1578 1518 1593 1539 ,
1647 1479 1709 1530 18
1742 1518 1758 1543 ‚
1800 1492 1920 1535 tom.
1961 1498 2044 1532 vm
2070 1519 2090 1547 ‚
2133 1500 2243 1550 opp.

138 1560 250 1611 edit.
281 1560 433 1610 Maur.

1080 2507 1290 2581 Flle.
