2554 4140
291 119 367 178 38
959 136 1028 172 nn
1071 136 1243 174 VERA*
1270 138 1391 174 mn..
1438 137 1569 179 Anv.
1620 140 1775 178 men.

291 283 519 345 ratione
553 302 674 342 non
713 278 905 338 solum
942 277 1200 339 hominis
1243 292 1468 341 naturae
1508 293 1568 343 et
1600 282 1872 365 dignitati
1914 297 2245 370 opportune
2290 309 2445 371 pro—.

291 382 483 444 visum
510 389 633 451 est7
678 374 783 435 sed
806 385 1089 458 praeterea
1126 378 1304 438 etiam
1347 378 1525 438 homo
1565 379 1690 461 ipse
1730 391 1792 441 et
1828 381 2012 442 tutius
2051 383 2282 444 ducitur
2311 429 2328 460 7
2371 395 2433 445 et

289 473 508 536 occasio
550 471 604 531 ei
642 469 945 553 praebetur
988 482 1119 533 tum
1151 474 1468 534 >exercendi
1512 475 1763 538 virtutes
1801 476 1913 536 sibi
1953 480 2254 561 proprias7
2301 492 2434 540 tum

287 569 497 631 melius
537 565 766 628 divinas
802 568 1197 650 perfectiones
1239 571 1651 651 cognoscendi.

369 664 469 725 97.
516 662 605 724 Ad
632 664 749 738 2¹³7
780 667 942 724 Dist.
968 665 1037 724 Id
1066 677 1187 740 est7
1213 668 1404 748 posita
1428 668 1679 747 gratuita
1698 666 2011 751 hypothesi
2027 669 2103 730 de
2118 668 2296 752 plena
2311 670 2437 730 offi-

286 761 510 821 ciorum
538 760 867 841 cognitione
903 772 963 820 et
1001 762 1365 823 motivorum
1407 763 1484 822 ad
1520 763 1620 823 illa
1665 764 1976 826 efficaciter
2008 765 2394 849 adimplenda
2415 812 2432 842 7

285 867 479 917 trans,
498 856 595 919 vel
607 878 768 917 cono.
781 882 806 932 ‚-
829 856 1059 917 sublata
1079 857 1364 936 ejusmodi
1376 858 1715 941 hypothesi,
1733 883 1864 942 neq.
1887 863 1955 920 Et
1972 862 2083 921 hoc
2098 873 2186 921 est
2201 862 2438 945 praecise

284 952 360 1013 de
389 975 506 1036 quo
548 954 874 1036 quaeritur3
920 954 1189 1012 omnium
1218 975 1395 1035 porro
1432 954 1782 1015 saeculorum
1811 958 2173 1040 experientia
2212 969 2272 1017 et
2311 955 2430 1018 fac-

285 1063 416 1111 tum
456 1051 653 1132 ipsum
696 1047 984 1128 ejusmodi
1018 1048 1375 1130 hypothesin
1420 1048 1758 1111 destruunt.
1817 1053 2220 1114 Rationalistae
2259 1054 2440 1134 igitur

285 1169 425 1211 vere
448 1146 804 1229 principium
828 1155 1043 1225 petunt
1059 1190 1075 1220 7
1105 1143 1250 1203 dum
1274 1156 1583 1204 assumunt
1606 1191 1623 1220 7
1651 1147 1812 1229 quod
1834 1160 1989 1208 esset
2013 1149 2398 1231 probandum
2420 1194 2437 1226 7

287 1255 349 1305 et
388 1242 602 1302 falsum
653 1240 900 1300 omnino
950 1252 1058 1300 est.
1117 1240 1207 1300 Ad
1248 1241 1414 1301 Conf.
1454 1246 1804 1323 quicunque
1849 1255 2054 1304 autem
2091 1256 2286 1326 spreto
2335 1246 2444 1305 Ιιοσ

286 1343 548 1400 rationis
564 1383 583 1416 7
613 1350 723 1398 etc.
743 1339 913 1416 Dist.
938 1337 1005 1396 Id
1024 1348 1113 1397 est
1129 1382 1145 1413 7
1175 1338 1276 1421 qui
1291 1338 1506 1398 rationi
1529 1361 1653 1398 non
1674 1338 1951 1400 tribuunt
1972 1386 1989 1414 7
2021 1341 2136 1400 nisi
2153 1363 2284 1404 eam
2302 1363 2444 1424 par-

286 1446 409 1498 tem
428 1483 444 1513 7
472 1456 601 1519 quae
626 1435 678 1496 ei
700 1435 984 1516 competit
1003 1481 1019 1511 7
1049 1441 1206 1516 noys
1237 1435 1336 1517 qui
1365 1435 1532 1495 nullo
1548 1436 1727 1495 modo
1741 1437 2036 1497 rationem
2081 1437 2439 1514 consulunt7

290 1535 413 1594 imo
438 1543 498 1594 et
520 1531 842 1593 excludunt
864 1543 1041 1614 atque
1056 1543 1350 1616 spernunt
1365 1578 1380 1607 7
1411 1554 1574 1592 conc.
1595 1533 1720 1592 Hoc
1736 1554 1877 1595 vero
1891 1555 2014 1592 non
2032 1533 2404 1593 contendunt
2424 1533 2444 1608 7'

291 1631 395 1713 qui
430 1630 721 1690 rationem
746 1627 1095 1689 revelationi
1120 1629 1457 1707 subjiciunt.
1496 1630 1814 1711 Perperam
1850 1629 2102 1712 proinde
2137 1628 2442 1689 affirmant

291 1724 671 1786 rationalistae
696 1770 712 1800 7
756 1723 831 1784 ab
860 1723 1104 1783 homine
1127 1745 1277 1784 caeco
1302 1724 1588 1784 instinctu
1609 1737 1711 1784 aut
1738 1746 1914 1785 sensu
1941 1726 2276 1808 parendum
2317 1746 2443 1785 esse

292 1821 728 1905 supernaturali
770 1820 1116 1884 revelationi
1140 1867 1156 1897 7
1206 1841 1335 1903 quae
1376 1833 1607 1881 rectum
1654 1821 1898 1880 rationis
1926 1843 2101 1880 usum
2132 1843 2445 1904 nunquam

290 1919 638 2002 proscripsit
660 1965 677 1994 7
731 1919 851 1978 imo
895 1917 1294 1978 commendat.
1351 1919 1541 1978 Rectae
1590 1927 1905 2000 propterea
1957 1917 2200 1976 rationis
2237 1917 2444 1975 munia

289 2017 359 2076 in
395 2015 770 2078 revelationis
798 2015 1030 2094 negotio
1054 2014 1120 2073 in
1149 2036 1219 2074 eo
1246 2014 1355 2073 sita
1384 2025 1525 2073 sunt
1547 2060 1563 2088 7
1592 2026 1660 2073 ut
1686 2013 1986 2094 expendat
2007 2013 2406 2075 fundamenta
2426 2058 2442 2088 7

296 2110 510 2194 quibus
543 2109 667 2169 haec
694 2109 969 2168 innititur
992 2154 1008 2182 ‚
1047 2121 1108 2168 et
1143 2108 1391 2187 deinde7
1441 2109 1550 2168 hac
1590 2109 1775 2168 semel
1807 2110 2125 2168 constituta
2156 2154 2172 2183 7
2208 2131 2270 2168 se
2304 2108 2446 2167 sub-

294 2208 497 2268 mittat
523 2207 587 2265 in
614 2207 682 2265 iis
708 2251 724 2280 7
765 2227 896 2287 quae
927 2210 1049 2284 ejus
1073 2217 1312 2287 captum
1336 2204 1628 2264 excedunt
1646 2249 1663 2279 7
1704 2203 1865 2286 quod
1894 2205 2042 2263 ratio
2075 2205 2201 2285 ipsa
2232 2202 2442 2278 dictat3

295 2304 363 2364 in
396 2303 603 2363 ceteris
647 2324 788 2364 vero
817 2348 833 2377 7
881 2324 1015 2384 quae
1062 2302 1326 2380 ejusdem
1370 2302 1556 2361 aciem
1597 2301 1848 2360 minime
1897 2310 2185 2381 superant
2212 2345 2228 2375 7
2273 2298 2445 2381 plura

297 2398 479 2460 habet
510 2445 527 2474 7
559 2399 621 2458 in
659 2397 871 2481 quibus
901 2420 962 2458 se
990 2410 1258 2458 exerceat
1283 2443 1299 2472 7
1341 2419 1408 2456 ea
1434 2396 1766 2458 evolvendo
1788 2442 1805 2472 7
1844 2417 1975 2477 quae
2001 2417 2110 2478 per
2135 2394 2447 2456 revelatio-

296 2518 439 2557 nem
465 2495 688 2556 didicit.
723 2496 862 2555 Haec
890 2506 1088 2573 autem
1131 2493 1340 2574 agendi
1375 2495 1523 2554 ratio
1564 2493 1905 2553 nullatenus
1950 2514 2158 2555 veram
2194 2492 2449 2551 hominis

297 2605 574 2654 naturam
623 2591 778 2651 tollit
812 2603 989 2674 atque
1026 2592 1243 2654 evertit
1271 2636 1287 2665 7
1339 2602 1407 2649 ut
1452 2591 1562 2673 ipsi
1610 2602 1962 2665 autumant7
2006 2590 2112 2650 sed
2149 2587 2398 2671 impedit
2427 2633 2443 2663 7

302 2692 617 2773 quominus
648 2699 860 2748 natura
901 2709 967 2747 ac
1006 2686 1257 2768 dignitas
1294 2687 1558 2746 humana
1606 2709 1839 2747 rursum
1886 2685 2231 2772 concidant7
2267 2695 2447 2767 prout

301 2808 507 2849 revera
527 2785 640 2845 hoc
663 2784 973 2845 destitutas
1000 2783 1271 2866 praesidio
1308 2783 1616 2844 concidere
1647 2805 1885 2844 necesse
1919 2794 2029 2843 est.

385 2882 483 2942 98.
530 2881 619 2942 Ad
650 2881 734 2941 3¹¹¹
756 2927 773 2957 7
803 2883 962 2941 Dm.
1001 2881 1125 2940 Nisi
1152 2891 1311 2940 certo
1336 2892 1564 2940 constet
1592 2880 1666 2940 ab
1697 2881 1810 2940 alia
1842 2901 2012 2940 causa
2035 2926 2049 2955 7
2079 2899 2258 2961 quam
2282 2898 2315 2936 a
2340 2899 2440 2936 na-

306 2976 484 3038 turali
499 2999 624 3037 esse
637 2975 962 3059 repetenda
982 3022 998 3050 7
1029 2998 1193 3036 conc.
1206 3002 1225 3044 ‚-
1247 2976 1386 3036 alias
1407 2999 1537 3059 neq.
1564 2980 1634 3037 Et
1651 2977 1746 3036 hic
1769 2999 2003 3037 rursum
2026 2975 2299 3058 principii
2322 2973 2449 3033 loco

301 3075 674 3136 constituunt
700 3074 1064 3154 adversarii(
1084 3076 1184 3156 qui
1209 3097 1316 3134 nos
1347 3086 1600 3155 arguunt
1619 3075 1919 3158 petitionis
1950 3073 2260 3156 principii)
2291 3068 2450 3153 quod

307 3171 522 3232 falsum
546 3181 669 3245 est3
707 3182 976 3230 asserunt
1004 3182 1063 3230 et
1087 3183 1435 3252 supponunt
1455 3218 1471 3247 7
1504 3172 1611 3232 sed
1643 3193 1763 3231 non
1798 3169 2091 3253 probant7
2128 3168 2450 3226 humanam

305 3269 597 3328 rationem
638 3265 859 3349 absque
902 3278 1146 3327 externo
1191 3287 1255 3326 ac
1298 3266 1729 3349 supernaturali
1770 3265 2028 3325 subsidio
2072 3275 2202 3323 tum
2251 3262 2447 3322 omnia

308 3363 602 3444 religionis
641 3384 707 3422 ac
732 3385 968 3421 morum
1000 3373 1291 3445 praecepta
1328 3365 1630 3443 agnovisse
1674 3377 1803 3421 tum
1840 3362 2061 3422 motiva
2109 3359 2186 3420 ad
2231 3380 2297 3418 ea
2324 3378 2451 3417 exe-

312 3458 546 3542 quenda
566 3504 583 3534 7
636 3459 795 3540 quod
846 3469 934 3517 est
988 3469 1190 3517 contra
1233 3459 1471 3519 sactum.
1527 3458 1756 3517 Scilicet
1804 3456 2109 3538 quidpiam
2158 3453 2449 3513 constanti

306 3555 479 3620 vultu
502 3567 789 3637 tanquam
804 3576 876 3614 ex
892 3553 1163 3637 delphico
1190 3554 1423 3636 tripode
1440 3574 1694 3614 asserere
1709 3563 1768 3612 et
1782 3552 1929 3611 illud
1945 3548 2304 3632 argumentis
2328 3558 2447 3606 sta-

308 3650 477 3713 bilire
504 3675 624 3714 non
663 3643 820 3714 idem
860 3657 963 3712 es't.
1000 3651 1263 3712 Primum
1302 3651 1448 3712 illud
1484 3652 1707 3734 optime
1735 3648 2053 3712 adversarii
2090 3645 2274 3706 nostri
2300 3665 2449 3727 prae-
