2554 4140
328 89 445 150 114

979 104 1049 139 DE
1091 78 1412 141 vitasunt.
1464 102 1599 141 Anv.
1647 104 1805 142 mou.

408 257 549 316 270.
595 251 686 312 Ad
733 249 818 308 4¹1¹
844 294 860 323 ,
913 250 1054 328 Ney.
1103 247 1252 306 Cum
1289 267 1429 307 vero
1469 246 1533 303 in
1572 256 1714 304 nota
1756 249 2097 330 exemplum
2130 253 2351 314 ducant
2393 276 2465 315 ex

331 351 543 414 Matth.
576 348 653 404 IX
675 390 692 420 .,
717 344 797 402 24
819 390 835 418 a
870 341 969 402 ubi
997 341 1344 424 perhibetur
1373 341 1642 401 excitatio
1675 363 1708 401 a
1739 344 1985 402 mortuis
2018 345 2151 407 filiae
2187 351 2335 408 Ja‘i'ri
2355 395 2372 425 ‚
2405 361 2466 410 et

335 451 507 508 Joan.
542 443 653 517 IX,
687 442 723 499 6
748 486 764 515 ,
797 440 867 516 77
896 438 996 498 ubi
1020 460 1199 499 caecus
1235 450 1409 497 natus
1441 449 1717 513 sanatur,
1750 450 1916 521 patet
1936 440 2304 523 impudentia
2333 447 2467 505 isto-

325 564 461 602 rum
486 549 884 601 veteratorum
907 581 922 611 ,
958 535 1103 593 dum
1130 534 1431 593 affirmant
1449 580 1463 608 7
1492 535 1655 613 quod
1675 537 1989 610 nonnullis
2022 541 2468 601 miraculorum

326 636 799 698 narrationibus
822 655 1004 693 cuam
1021 636 1241 691 insunt
1263 632 1644 702 documenta,
1668 654 1803 710 quoe
1825 635 2171 693 naturalem
2201 636 2469 715 effectum

316 735 595 816 produnt
626 730 734 814 (1).
785 729 1053 788 Excitent
1086 727 1201 808 ipsi
1233 725 1584 787 defunctum
1626 726 2134 812 qualemcunque,
2193 731 2289 792 vel
2341 731 2465 791 luto

328 832 524 892 visum
549 849 696 889 caeco
737 836 878 884 nato
916 821 1267 883 restituant!

408 926 551 986 271.
602 921 691 984 Ad
725 921 810 980 51¹1
831 966 848 996 ,
890 919 1043 999 Ney.
1087 917 1227 976 Haec
1258 916 1420 975 enim
1455 927 1543 976 est
1570 919 1820 997 gratuita
1852 925 2112 981 assertiO.

327 1214 549 1282 reperiri,
567 1211 628 1260 ab
642 1212 708 1258 iis
722 1210 894 1275 neqari
905 1207 1095 1272 nequit,
1133 1207 1222 1271 qui
1240 1221 1361 1272 pro-

330 1312 521 1362 qressus
556 1291 932 1359 disciplinarum
968 1289 1314 1338 historicarum
1346 1324 1361 1343 ‚

321 1377 730 1447 philoloqicarum
746 1383 790 1422 et
802 1372 1248 1440 philosophicarum
1265 1387 1365 1418 non

327 1465 581 1527 iqnorant,
596 1475 683 1507 nec
719 1458 890 1505 mentis
914 1455 1124 1521 quadam
1149 1452 1366 1502 imbecil-

330 1545 464 1592 litate
496 1542 633 1590 ducti
655 1541 842 1589 easdem
869 1555 944 1587 res
991 1538 1166 1586 iisdem
1202 1538 1363 1585 nomi-

333 1627 484 1674 nibus
508 1622 746 1692 appellare
761 1622 989 1670 dubitant
1008 1622 1083 1685 (id
1105 1631 1171 1670 est
1191 1658 1204 1677 ,
1226 1620 1366 1672 dume

337 1710 479 1758 modo
510 1712 604 1757 siut
625 1709 758 1771 impii
788 1716 833 1755 et
863 1704 1126 1766 increduli3
1158 1713 1366 1752 ceterum

337 1791 580 1851 petavius,
603 1790 818 1847 Boetius,
846 1789 1060 1846 Bossuet‚
1084 1784 1366 1835 Muratorius

338 1875 511 1941 aliique
538 1875 777 1922 innumeri
822 1872 1077 1920 doctissimi
1112 1872 1230 1929 viri,
1261 1870 1368 1919 licet

343 1957 447 2006 illas
469 1974 631 2006 omnes
645 1953 912 2020 disciplinas
925 1954 1070 2019 probe
1087 1953 1333 2002 calluerint
1350 1990 1363 2011 ,

338 2039 408 2087 nil
440 2039 530 2087 tale
558 2037 993 2103 deprehenderunt3
1042 2037 1135 2084 hoc
1165 2051 1367 2084 reserva-

343 2131 446 2168 tum
467 2130 559 2169 erat
575 2121 681 2167 solis
704 2120 996 2167 rationalistis
1012 2119 1045 2179 ).
1075 2117 1243 2184 Quum
1260 2134 1366 2165 vero

341 2204 502 2250 menti
527 2201 754 2250 humanae
784 2202 1055 2248 necessario
1073 2199 1174 2248 hoec
1208 2199 1283 2247 lea:
1302 2201 1369 2246 sit

333 2286 584 2351 proposita
604 2320 618 2347 ,
635 2292 690 2331 ut
713 2284 880 2331 omnia
905 2320 920 2347 7
936 2299 1042 2347 quae
1071 2285 1129 2330 in
1146 2282 1255 2331 orbe
1272 2291 1365 2330 ter-

340 2384 508 2416 rarum
535 2367 757 2415 sensibus
794 2366 1127 2431 subjiciuntur
1141 2402 1158 2427 ‚
1193 2366 1368 2431 referat

341 2450 408 2500 ad
426 2467 603 2499 nexum
624 2467 885 2499 causarum
909 2488 922 2511 ,
946 2459 990 2498 et
1004 2451 1230 2515 temporis
1254 2466 1365 2497 suc-

339 2552 476 2584 cessu
506 2544 552 2583 et
590 2537 645 2583 in
685 2537 842 2600 spatio
888 2536 1168 2600 aqenhum,
1202 2550 1365 2581 omnes

342 2618 582 2683 ejusmodi
611 2617 767 2682 mythi
785 2619 850 2664 ad
882 2634 1103 2665 normam
1128 2618 1249 2665 artis
1262 2618 1365 2664 cri-

348 2702 457 2748 ticae
481 2710 622 2764 atque
638 2700 878 2747 historz'cae
904 2701 1165 2764 eaiqantur
1182 2716 1366 2747 necesse

341 2793 429 2832 est.
464 2784 572 2846 Quo
593 2782 723 2846 sacto
743 2782 959 2829 homines
984 2784 1068 2847 pii
1091 2780 1367 2846 reliqionis-

345 2882 435 2929 que
464 2882 606 2912 sensu
638 2865 840 2925 imbuti,
878 2867 1142 2929 quominus
1164 2866 1217 2911 in
1246 2866 1368 2930 ipsis

341 2947 481 2994 rebus
505 2946 714 3011 mythice
747 2947 942 2995 traditis
970 2947 1193 2996 divinam
1201 2949 1370 3013 provi-

345 3029 562 3077 dentiam
582 3066 593 3087 ,
617 3028 928 3077 naturalibus
940 3038 1100 3078 tamen
1116 3030 1371 3096 praesidiis

349 3128 407 3159 ac
433 3113 596 3160 causis
620 3120 827 3159 utentem
846 3149 860 3172 ‚
897 3122 1185 3161 venerentur
1214 3122 1260 3161 et
1283 3122 1357 3162 ta-

342 3195 438 3242 cito
459 3193 668 3258 quodam
693 3211 839 3243 sensu
857 3205 1118 3260 aqnoscant
1131 3235 1143 3256 ‚
1161 3198 1366 3245 minime

334 3275 618 3340 prohibetur
642 3277 927 3342 (praeclaram
948 3281 1129 3327 veniam
1153 3281 1207 3342 !).
1231 3282 1277 3328 A
1283 3281 1361 3327 bs-

349 3375 439 3423 que
465 3357 550 3407 illo
579 3368 738 3407 autem
771 3362 994 3409 escamine
1012 3363 1129 3426 fieri
1151 3379 1370 3428 nonpos-

352 3449 422 3488 set
443 3479 456 3502 ‚
494 3449 550 3489 ut
573 3443 631 3489 in
652 3445 1008 3507 antiquissimis
1036 3444 1173 3492 libris
1202 3462 1370 3511 super-

356 3526 555 3574 stitiosae
605 3527 909 3574 narrationes
967 3545 997 3574 a
1039 3531 1167 3575 veris
1210 3546 1371 3576 rerum

350 3607 598 3656 eventibus
613 3608 1010 3672 diqnoscerentur
1027 3610 1043 3671 (
1060 3628 1180 3678 nego
1200 3629 1367 3677 suppo·

1450 1206 1596 1253 situm
1631 1207 1683 1254 in
1711 1205 1841 1256 libris
1872 1212 2040 1271 sacris)
2087 1211 2168 1261 Ac
2204 1215 2311 1263 nisi
2341 1218 2470 1282 eJ'us-

1450 1287 1582 1335 modi
1616 1288 1799 1353 mythos
1829 1291 1886 1337 in
1920 1294 2162 1358 scriptura
2178 1311 2320 1344 sacra
2347 1316 2473 1364 repe-

1451 1367 1563 1418 riri
1595 1374 1892 1437 statuimus,
1936 1383 1980 1420 et
2029 1376 2277 1425 veritatem
2315 1380 2474 1444 ipsam

1450 1452 1672 1501 divinam
1726 1457 1783 1502 in
1824 1458 1890 1503 iis
1926 1455 2148 1505 latentem
2190 1459 2250 1507 ab
2277 1471 2474 1511 externa

1451 1538 1766 1585 narrantium
1790 1537 1951 1602 forma
1989 1548 2034 1587 et
2063 1541 2312 1591 involucro
2323 1544 2474 1610 probe

1451 1617 1775 1668 discernimus
1786 1624 1921 1687 (nego
1942 1624 2109 1671 iterum
2125 1628 2416 1690 suppositum
2431 1627 2468 1690 )‚

1453 1700 1689 1750 librorum
1727 1705 1983 1769 scripturae
2021 1721 2173 1755 sacrae
2208 1710 2469 1757 auctoritas

1452 1792 1618 1833 contra
1668 1785 2058 1834 adversariorum
2107 1787 2383 1837 calumnias
2422 1801 2466 1838 et

1451 1869 1709 1935 opprobria
1755 1869 1889 1918 haud
1936 1874 2054 1919 satis
2104 1871 2301 1936 defendi
2320 1882 2475 1938 potest

1451 1953 1580 2013 (uon
1608 1963 1676 2000 est
1715 1953 1843 2018 quod
1890 1953 1979 2002 hoc
2012 1965 2259 2004 vereantur
2289 1955 2473 2004 delicati

1452 2036 1751 2084 rationalistae
1772 2073 1785 2095 ‚
1826 2054 2007 2101 semper
2034 2040 2163 2085 enim
2191 2037 2381 2087 defensa
2410 2048 2477 2086 est

1451 2118 1628 2184 absque
1661 2121 1890 2186 ejusmodi
1912 2121 2277 2186 deliramentis).
2306 2119 2375 2169 In
2388 2138 2470 2169 ea·-

1442 2200 1695 2266 plicandis
1717 2202 1897 2265 mythis
1928 2201 2119 2251 biblicis
2144 2203 2230 2251 hoc
2267 2205 2467 2267 potissi-

1450 2300 1584 2331 mum
1626 2283 2034 2332 considerandum
2081 2294 2150 2333 est
2167 2322 2180 2343 ‚
2228 2284 2463 2333 librorum

1450 2383 1696 2414 sacrorum
1724 2367 2005 2415 auctoribus
2040 2367 2336 2417 obversatam
2370 2384 2467 2415 esse

1449 2451 1723 2514 opinionem
1752 2449 2047 2498 theocratz'coe
2084 2450 2339 2516 cujusdam
2370 2452 2467 2498 im·-

1448 2534 1672 2582 mediatae
1692 2571 1704 2593 ‚
1738 2533 1816 2580 vel
1828 2526 2081 2599 potestatis
2114 2534 2297 2582 divinoe
2315 2570 2327 2592 ,
2362 2535 2465 2581 sive

1449 2634 1479 2665 a
1507 2615 1603 2666 Deo
1633 2618 1736 2682 ipso
1758 2618 1858 2664 sive
1875 2633 1970 2682 per
2000 2615 2196 2680 anqelos
2226 2615 2467 2664 adminis-

1450 2707 1587 2746 tratae
1608 2737 1620 2758 ‚
1653 2708 1697 2746 et
1723 2700 1768 2745 si
1789 2716 1886 2764 qua
1909 2698 2190 2747 inciderant
2222 2697 2353 2746 mala
2375 2714 2467 2745 ma·

1440 2783 1557 2847 j0ra
1592 2782 1692 2828 sive
1724 2781 1935 2847 physica
1975 2783 2076 2829 sive
2102 2780 2335 2840 moralia,
2372 2796 2428 2827 ea
2450 2815 2467 2840 ‚

1452 2865 1509 2910 in
1526 2863 1668 2910 libris
1684 2863 1753 2913 N.
1784 2863 1845 2910 Τ.
1861 2864 2147 2927 proesertim‚
2171 2878 2228 2910 ex
2242 2863 2474 2927 opinione

1453 2944 1590 2993 illius
1606 2948 1764 2994 aetatis
1784 2945 1977 3010 vulqari
1995 2945 2061 2993 ad
2088 2942 2328 2993 Satanam
2347 2946 2474 3010 ejus-

1453 3046 1542 3093 que
1570 3030 1721 3076 socios
1756 3037 1986 3093 tanquam
2027 3027 2200 3076 horum
2237 3026 2473 3075 malorum

1446 3115 1633 3177 primos
1662 3110 1938 3159 architectos
1961 3118 2006 3158 et
2022 3111 2262 3158 antistites
2275 3108 2468 3174 referri.

1452 3195 1519 3244 Ita
1553 3206 1760 3244 auctores
1785 3195 1882 3242 loc.
1915 3195 2124 3258 superius
2163 3195 2246 3242 eit.
2281 3191 2334 3240 Iu
2367 3209 2473 3256 pos-

1452 3281 1613 3326 tremis
1629 3279 1699 3326 his
1714 3275 1865 3326 verbis
1887 3285 1953 3324 tot
1969 3277 2063 3325 fere
2080 3285 2192 3324 suut
2211 3274 2469 3335 mendacia,

1457 3373 1572 3428 quot
1598 3361 1764 3410 verba.

1523 3445 1597 3509 (1)
1633 3442 1799 3507 Briese
1824 3442 1943 3489 iiber
1959 3427 2054 3489 den
2071 3437 2469 3498 Rationalismus‚

1458 3545 1540 3579 seu
1565 3527 1614 3575 E
1608 3525 1797 3593 pistoloe
1810 3525 1867 3574 de
1888 3523 2259 3586 Rationalisma‚
2279 3539 2327 3587 p.
2357 3517 2471 3568 215.
