2554 4140
309 93 432 152 204

968 114 1039 151 m:
1081 113 1229 153 VERA
1275 115 1399 153 REI„
1449 117 1579 156 Anv.
1627 117 1781 156 mon.

314 278 457 318 vero
510 255 635 314 haec
686 267 1073 316 monumenta
1132 280 1364 318 summo
1408 259 1772 320 certitudinis
1838 261 2019 342 gradu
2076 263 2441 341 innitantur,

313 352 603 413 infirmari
641 373 765 410 non
801 363 1048 432 possunt
1069 400 1084 430 7
1123 356 1267 437 quin
1302 356 1482 437 ipsius
1515 356 1879 416 certitudinis
1915 356 2273 421 subruantur
2300 362 2444 422 fun-

314 448 621 510 (lamenta.

402 543 544 604 448.
598 545 852 602 Rursum
877 545 1026 605 facta
1045 545 1385 606 *christianae
1411 546 1702 628 religionis
1729 548 1810 607 ita
1835 548 1991 617 inter
2019 571 2080 609 se
2103 550 2275 610 firmo
2299 571 2455 611 nexu

316 638 702 720 colligantur,
744 652 812 700 ut
839 687 854 717 7
894 646 1015 721 ejus
1056 644 1302 704 veritate
1337 666 1403 704 ac
1437 644 1750 705 divinitate
1779 647 1965 728 posita
1988 692 2003 719 7
2042 648 2238 706 omnia
2267 646 2457 729 expli-

318 748 527 798 centur
547 782 563 810 7
596 748 657 796 et
681 737 782 797 illa
809 737 1038 798 sublata
1061 785 1077 814 7
1108 740 1188 799 sic
1214 741 1410 800 omnia
1434 741 1497 801 in
1519 763 1804 824 suspenso
1835 754 2116 803 maneant
2142 743 2305 805 velut
2329 743 2461 803 toti·

318 833 458 893 dem
482 833 725 900 effectus
754 834 881 893 sine
914 856 1102 894 causa.

404 929 544 991 449.
592 932 740 992 Cum
790 943 988 992 autem
1023 931 1144 991 haec
1182 930 1394 1011 agendi
1431 934 1580 995 ratio
1610 935 1901 995 contraria
1936 936 2011 995 sit
2045 936 2157 1018 ipsi
2190 935 2463 995 humanae

321 1037 583 1102 naturae,
615 1029 740 1088 vim
768 1027 879 1086 sibi
909 1028 1168 1091 inferant
1203 1048 1438 1088 necesse
1463 1039 1553 1088 est
1573 1074 1590 1105 7
1620 1031 1721 1111 qui
1750 1052 1881 1093 eam
1904 1043 2235 1107 sectantur,
2271 1052 2465 1114 neque

322 1143 586 1203 unquam
627 1124 923 1205 quiescere
971 1134 1244 1205 possunt.
1294 1126 1582 1183 Poterunt
1624 1124 1864 1207 quidem
1902 1127 2189 1188 increduli
2234 1127 2348 1187 sibi
2389 1126 2467 1187 ad

324 1219 843 1300 tempusilludere7
877 1219 1247 1280 ferventibus
1268 1220 1596 1302 praesertim
1613 1220 2072 1303 cupiditatibus3
2100 1224 2247 1282 ratio
2262 1235 2463 1282 tamen

318 1319 414 1393 jus
434 1337 605 1376 suum
632 1338 865 1399 semper
899 1315 1010 1376 sibi
1036 1315 1316 1378 vindicat.
1349 1317 1520 1378 Unde
1538 1318 1607 1376 fit
1626 1363 1641 1393 7
1671 1329 1738 1376 ut
1753 1362 1770 1394 7
1790 1318 1989 1400 quieto
2003 1316 2246 1377 tandem
2269 1319 2464 1377 animo

325 1410 659 1473 christianae
701 1413 999 1492 religionis
1034 1413 1259 1475 motiva
1292 1412 1769 1495 perpendentes7
1810 1413 2096 1474 increduli
2134 1435 2256 1473 non
2297 1413 2468 1496 pauci

325 1507 571 1568 demum
612 1510 958 1589 resipiscant
986 1555 1000 1584 7
1054 1509 1146 1572 vel
1191 1508 1403 1570 saltem
1441 1510 1503 1568 in
1545 1511 1751 1569 mortis
1792 1509 2125 1570 discrimine
2169 1509 2469 1573 constituti

329 1604 599 1687 plerique
631 1607 693 1665 in
719 1608 917 1666 sinum
955 1610 1079 1685 ejus
1107 1606 1465 1687 confugiant.
1496 1608 1669 1667 Pauci
1700 1608 1860 1667 enim
1892 1608 2135 1667 omnino
2162 1618 2331 1682 sunt,
2369 1604 2470 1688 qui

329 1701 411 1760 ita
441 1700 866 1779 obdurescunt,
908 1715 974 1763 ut
1010 1702 1200 1765 velint
1233 1703 1308 1762 ad
1337 1715 1667 1763 extremum
1703 1726 1886 1786 usque
1925 1705 2057 1767 vitae
2091 1705 2367 1787 spiritum
2406 1703 2469 1761 in

334 1798 748 1859 incredulitate
776 1801 1088 1882 persistere
1111 1845 1126 1875 7
1163 1801 1319 1882 iique
1357 1798 1455 1860 vel
1495 1799 1696 1860 stolidi
1731 1789 1827 1861 {rel
1871 1801 2327 1883 corruptissimi7
2370 1800 2473 1882 qui

333 1918 644 1979 nunquam
689 1909 791 1956 aut
830 1898 953 1958 fere
991 1920 1301 1980 nunquam
1344 1898 1526 1957 finem
1574 1898 1870 1978 cogitant7
1924 1897 1999 1957 ad
2034 1919 2213 1980 quem
2251 1895 2473 1956 conditi

331 2004 507 2067 51111ῑς
537 2015 602 2054 ac
627 2016 703 2054 ne
731 1992 1048 2053 turbentur
1065 2016 1095 2053 a
1116 1993 1257 2053 falsa
1282 1993 1382 2053 illa
1403 2040 1419 2068 7
1449 2016 1563 2076 qua
1591 1993 1710 2053 frui
1735 1993 2015 2055 videntur
2035 2039 2051 2070 7
2075 2014 2218 2076 paee
2235 2040 2251 2070 7
2276 2015 2308 2052 a
2332 2014 2471 2074 quo-

333 2108 585 2171 cumque
601 2089 896 2169 religionis
913 2090 1181 2150 examine
1195 2090 1491 2170 refugiunt
1506 2095 1670 2172 pejus
1682 2112 1860 2173 quam
1877 2113 1908 2151 a
1929 2111 2070 2150 cane
2087 2103 2146 2150 et
2160 2111 2347 2170 angue
2360 2089 2411 2168 (l
2425 2089 2470 2168 ).

403 2379 464 2443 (Ι)
488 2379 641 2428 Facile
663 2389 814 2445 posset
841 2380 1079 2445 catalogus
1102 2385 1150 2429 et
1170 2380 1362 2446 quidem

333 2462 542 2528 prolixus
574 2466 750 2511 exarari
783 2480 946 2512 eorum
975 2462 1326 2513 incredulorum
1347 2500 1360 2523 7

333 2547 417 2610 qui
445 2545 628 2594 duobus
647 2545 821 2594 abhinc
834 2546 1012 2594 saeculis
1033 2584 1046 2606 7
1062 2547 1135 2595 vel
1150 2548 1366 2595 examine

333 2638 551 2677 accurate
569 2631 782 2678 instituto
799 2666 811 2690 7
840 2629 898 2677 ad
927 2629 1202 2678 catholicam
1222 2628 1365 2678 fidem

337 2713 577 2763 redierunt
600 2750 615 2777 7
664 2715 737 2763 vel
783 2712 947 2763 saltem
981 2732 1099 2781 quos
1148 2713 1366 2780 poenituit

331 2799 531 2863 propriae
550 2797 887 2846 incredulitatis
904 2800 954 2846 in
972 2797 1166 2846 articulo
1185 2799 1364 2856 mortis,

333 2897 387 2930 ac
413 2899 460 2929 se
491 2898 601 2929 cum
627 2881 833 2930 Ecclesia
861 2881 1221 2931 reconciliarunt
1240 2918 1254 2941 7
1293 2880 1366 2930 vel

336 2966 466 3015 omni
508 2967 689 3014 ratione
727 2968 879 3014 conati
916 2975 1027 3014 sunt
1059 2966 1107 3014 id
1148 2965 1330 3015 efficere
1352 3002 1365 3026 7

332 3046 443 3097 licet
469 3047 581 3095 hinc
614 3049 871 3096 amicorum
905 3049 1082 3097 artibus
1100 3057 1148 3097 et
1167 3048 1330 3096 fraude
1352 3084 1365 3107 ‚

331 3128 615 3197 justoilline
644 3130 730 3179 Dei
757 3131 934 3197 judicio
956 3168 969 3191 ‚
1003 3130 1239 3180 obstacula
1272 3148 1368 3179 non

333 3213 454 3263 levia
478 3216 763 3279 repererint,
801 3217 1054 3280 quominus
1082 3215 1132 3263 id
1163 3231 1371 3280 exeque-

334 3307 516 3348 rentur.
549 3297 612 3346 D.
644 3297 814 3363 Emery
839 3301 889 3346 in
906 3299 1109 3365 quodam
1145 3295 1369 3363 opusculo

337 3382 396 3431 de
435 3381 525 3430 hoc
563 3390 836 3446 argumento
882 3382 1005 3430 edito
1044 3382 1144 3430 haec
1174 3381 1320 3430 habet
1353 3398 1366 3430 ε

343 3465 428 3514 On
444 3465 595 3531 serait
626 3482 722 3513 une
748 3463 920 3530 lonque
953 3464 1059 3514 liste
1087 3464 1170 3513 des
1197 3463 1371 3530 esprits

331 3549 455 3613 forts
484 3551 575 3614 qui
601 3556 683 3596 ont
711 3547 864 3596 rendu
890 3548 1137 3612 hommage
1162 3549 1192 3596 ὰ
1223 3547 1269 3595 la
1289 3565 1366 3595 re-

339 3632 491 3697 liyion
531 3650 596 3681 au
636 3642 847 3681 moment
880 3631 938 3679 de
974 3630 1020 3679 la
1045 3639 1185 3679 mort.
1230 3630 1366 3679 Nous

1420 2396 1503 2436 ¹ne
1534 2382 1741 2430 citeron-5
1769 2399 1859 2446 que
1904 2381 2250 2446 quelques-uns
2275 2379 2331 2427 de
2353 2395 2475 2427 ceux

1443 2462 1561 2510 dont
1583 2462 1624 2510 le
1653 2480 1764 2511 nom
1792 2471 1860 2511 est
1886 2463 1927 2511 le
1945 2462 2059 2529 plus
2093 2479 2257 2511 connu
2289 2479 2302 2511 :
2343 2462 2478 2510 Bou-

1444 2544 1640 2609 lanqer,
1685 2546 1951 2594 Tou-esaim
1968 2582 1984 2608 ,
2035 2543 2441 2593 Boulainvilliers
2455 2580 2472 2604 7

1445 2630 1488 2677 le
1516 2630 1741 2693 marquis
1773 2628 2019 2695 d’Arqem
2038 2665 2052 2692 7
2085 2629 2438 2692 Montesquieu
2455 2664 2472 2689 ,

1448 2713 1764 2778 Maupertuis
1786 2750 1802 2770 ,
1846 2712 2033 2780 Buffon
2066 2746 2082 2772 ,
2134 2709 2425 2760 Dumarsaiae
2460 2747 2474 2766 7

1446 2792 1496 2843 F
1492 2794 1721 2843 ontenelle
1740 2833 1753 2855 7
1815 2793 2134 2843 Damilaville
2158 2831 2171 2853 7
2225 2792 2437 2841 Thomas
2456 2828 2471 2854 ,

1447 2878 1681 2943 Bouquer
1692 2914 1708 2939 ‚
1731 2877 1788 2926 de
1803 2877 1989 2944 Lanqle
2004 2913 2020 2938 ,
2065 2877 2276 2925 Tressan
2296 2916 2313 2936 ,
2333 2878 2477 2924 Mer·

1449 2964 1551 3011 cier
1569 2998 1582 3019 ,
1632 2958 1843 3009 Palissot
1862 2999 1874 3019 7
1929 2959 2166 3009 Poulavz'e
2186 2996 2200 3022 7
2241 2958 2474 3007 Larcher.

1450 3044 1663 3094 Diderot
1701 3042 1886 3092 voulait
1912 3060 1961 3090 ee
2000 3042 2269 3108 confessam
2306 3058 2370 3089 on
2406 3040 2481 3088 lui

1450 3130 1528 3176 ὂια
1551 3127 1618 3175 les
1631 3142 1823 3190 moyem
1839 3144 1856 3173 .·
1871 3124 1991 3174 Sans
2017 3128 2110 3174 moi
2136 3163 2149 3183 7
2177 3124 2326 3171 disait
2348 3122 2478 3171 Con-

1452 3211 1649 3270 dorcet,
1676 3207 1883 3275 parlant
1920 3208 1975 3256 de
2016 3206 2343 3266 d'Alembert,
2376 3223 2481 3253 sans

1453 3296 1547 3342 moi
1593 3293 1626 3340 il
1670 3292 1819 3340 faisait
1863 3292 1905 3340 le
1951 3292 2201 3357 plongeon.
2235 3289 2289 3336 Il
2310 3288 2479 3354 paraft

1451 3376 1598 3443 qu’on
1614 3391 1662 3422 se
1672 3376 2030 3439 precautionna
2044 3373 2304 3438 eqalemem
2317 3377 2477 3418 contre

1451 3460 1499 3509 la
1525 3457 1752 3524 faiblesse
1785 3457 1842 3505 de
1889 3459 1947 3507 V
1941 3457 2108 3506 ollaire
2131 3494 2145 3514 7
2171 3456 2259 3519 qui
2284 3462 2479 3500 mourut

1452 3561 1520 3592 au
1538 3550 1735 3608 rapport
1765 3541 1822 3589 de
1865 3539 2117 3589 Tronchin
2138 3537 2262 3585 dans
2293 3535 2358 3583 les
2372 3551 2477 3582 con-

1453 3625 1670 3675 nulsione
1696 3624 1753 3676 de
1779 3623 1827 3672 la
1848 3641 1960 3687 raqe
1980 3660 1993 3682 7
2018 3639 2079 3671 en
2098 3627 2331 3686 pom-sam
2346 3617 2387 3666 le
2406 3618 2481 3665 cri
