2554 4140
299 132 422 194 272
944 155 1011 190 ms
1051 154 1205 192 vana
1249 155 1367 192 nm..
1416 157 1547 195 anv.
1598 159 1800 197 aaran.

383 299 520 358 158.
566 295 735 370 Quod
772 297 819 354 si
857 294 1124 356 Christus
1159 295 1463 377 abrogavit
1497 298 1688 379 legem
1711 303 2173 363 caeremonialem
2194 317 2253 365 et
2269 306 2433 384 judi-

300 395 506 456 cialem
528 439 544 468 s
584 391 995 453 substituendo
1033 392 1258 455 umbrae
1290 417 1356 454 ac
1386 396 1582 475 figurae
1612 396 1696 455 rei
1735 397 2079 472 veritatem,
2115 403 2434 464 necessario

296 489 502 552 debuit
536 499 706 548 vetus
741 488 963 571 pariter
991 489 1379 550 sacerdotium
1418 490 1699 571 abrogare
1722 537 1737 566 ‚
1775 491 1871 551 lex
1900 493 2061 551 enim
2088 503 2147 551 et
2168 496 2438 555 sacerdo-

295 587 447 646 tium
478 584 726 645 relativa
764 596 940 659 sunt3
991 597 1255 646 attamen
1294 609 1519 648 novum
1556 587 1617 645 in
1654 609 1713 647 se
1753 586 2147 648 sacerdotium
2183 588 2440 651 instituit

296 703 363 742 ac
396 681 862 763 sempiternum,
912 686 1072 761 cujus
1122 683 1420 743 ministros
1467 682 1652 743 voluit
1696 684 2034 765 perpetuari
2081 684 2144 742 in
2192 684 2439 746 Ecclesia

301 800 403 838 sua
429 800 537 861 per
561 778 900 837 continuam
931 778 1355 837 successionem
1378 824 1394 854 ,
1436 801 1621 860 usque
1657 779 1731 837 ad
1763 778 1963 840 saeculi.
1985 781 2440 840 consummatio-

296 896 477 950 nem,
527 895 661 933 cum
703 874 1011 956 potestatis
1050 872 1456 955 plenitudine,
1499 897 1679 957 quam
1720 877 1784 933 in
1826 876 2173 959 Episcopatu
2197 922 2212 951 a
2266 898 2438 936 sensu

288 977 415 1052 jam
451 971 751 1055 expositO.,
793 969 1121 1029 collocavit.

383 1068 520 1128 159.
567 1069 624 1126 Si
665 1066 890 1147 aliquot
918 1075 1204 1146 praeterea
1231 1063 1447 1123 abusus
1476 1069 1544 1124 in
1575 1066 1845 1126 Ecclesia
1878 1068 1968 1147 (l)
1998 1068 2147 1126 circa
2180 1067 2441 1150 discipli-

296 1187 439 1225 nam
470 1162 567 1226 vel
596 1160 1043 1223 individuorum
1083 1180 1275 1218 mores
1313 1158 1639 1220 identidem
1666 1163 2041 1236 exoriuntur,
2072 1165 2201 1245 quis
2227 1165 2444 1244 poterit

294 1260 443 1322 tales
459 1258 675 1318 abusus
694 1256 990 1338 extirpare
1008 1300 1025 1330 ,
1052 1256 1166 1314 nisi
1191 1254 1440 1315 Ecclesia
1466 1256 1591 1338 ipsa
1612 1301 1629 1330 ‚
1654 1277 1786 1338 quae
1814 1257 1934 1316 sola
1952 1258 2131 1318 talem
2155 1281 2188 1318 a
2211 1259 2442 1319 Christo

297 1356 707 1417 auctoritatem
749 1363 922 1412 nacta
961 1349 1092 1411 est?
1138 1353 1458 1434 Nunquam
1486 1353 1857 1434 privatorum
1887 1365 1977 1412 est
2000 1366 2349 1437 potestatem
2377 1356 2439 1415 in

297 1451 548 1512 Ecclesia
591 1450 696 1510 Dei
728 1470 1017 1510 exercere.
1054 1448 1099 1506 li
1127 1446 1377 1530 proinde
1416 1449 1515 1530 qui
1547 1447 1656 1507 sibi
1694 1449 1982 1528 ejusmodi
2008 1454 2105 1528 jus
2133 1463 2440 1530 arrogant,

296 1561 604 1631 tamquam
620 1545 881 1626 sacrilegi
897 1555 956 1604 et
980 1543 1312 1627 perduelles
1335 1543 1750 1604 habendisunt
1772 1591 1787 1620 ,
1812 1567 1878 1604 ac
1902 1545 2237 1606 detestandi
2259 1546 2440 1606 veluti

297 1646 532 1729 profani
578 1654 989 1729 usurpatoreS,
1034 1643 1081 1702 si
1129 1641 1310 1715 fidem
1365 1641 1757 1725 approbatam
1798 1641 1872 1701 ab
1916 1642 2163 1703 Ecclesia
2213 1653 2444 1703 mutare

298 1742 531 1804 volunt.
833 1789 852 1805 .

387 1837 525 1897 160.
573 1834 708 1916 obj.
746 1837 939 1897 tertiO.
976 1835 1277 1918 Scriptura
1313 1833 1532 1917 ubique
1565 1836 1848 1918 supponit
1876 1835 2122 1895 liberam
2167 1837 2443 1896 doctrinae

301 1934 722 1995 discussionem
767 1944 827 1993 et
867 1953 1118 1992 examen
1145 1952 1215 1991 ex
1239 1943 1411 2014 parte
1436 1931 1701 1992 fidelium
1722 1977 1738 2006 ,
1775 1932 1876 2014 qui
1903 1931 2126 1992 debent
2148 1934 2442 2013 probare,

301 2043 518 2099 utrum
560 2035 822 2111 spiritus
862 2051 933 2088 ea·
968 2030 1096 2089 Deo
1139 2032 1297 2100 sint,
1342 2028 1783 2111 utpraescribit
1834 2027 2142 2110 Apostolus
2185 2030 2442 2088 Joannes

301 2129 369 2207 (I
399 2130 572 2188 Joan.
608 2127 680 2185 IV
704 2172 722 2202 .,
768 2126 875 2206 l)3
906 2119 1118 2207 quibus
1146 2135 1428 2206 praeterea
1465 2125 1722 2205 injungit
1751 2124 1960 2183 Paulus
1999 2147 2012 2182 ε
2053 2130 2262 2184 omnia
2290 2147 2446 2205 pro-

300 2226 434 2283 bate
449 2268 470 2296 ,
502 2224 666 2303 quod
682 2224 906 2282 bonum
934 2231 1220 2281 esttenete
1247 2221 1297 2299 (1
1326 2220 1528 2281 Thess·
1564 2223 1640 2298 V,
1664 2221 1803 2302 21);
1831 2221 1932 2303 qui
1961 2242 2167 2282 cavere
2196 2220 2440 2291 debent.⁸

299 2341 377 2379 ne
406 2321 534 2400 quis
564 2340 661 2377 eos
691 2320 939 2377 seducat
963 2317 1188 2397 (Colos.
1227 2319 1278 2374 11
1299 2362 1315 2392 7
1360 2317 1508 2398 18);
1555 2318 1773 2399 quique
1803 2317 2093 2396 jubentur
2128 2339 2303 2377 omne
2339 2339 2445 2377 ex·-

300 2427 538 2475 ternum
556 2413 866 2473 excludere
883 2412 1284 2492 magisterium
1305 2458 1320 2487 7
1346 2433 1475 2470 cum
1505 2413 1756 2493 Spiritus
1775 2413 2019 2471 Sanctus
2035 2435 2440 2495 unumquem-

301 2533 415 2593 que
451 2510 695 2571 interius
732 2508 936 2569 doceat
971 2508 1047 2567 ad
1084 2507 1263 2568 fidem
1293 2509 1614 2569 necessaria
1656 2530 1670 2566 1
1719 2509 1863 2569 Non
1898 2530 2123 2567 ‘necesse
2168 2511 2398 2567 habetis
2418 2553 2436 2582 ,

369 2763 440 2827 (l)
462 2762 568 2811 Vid.
584 2762 850 2811 Muzzarelli
866 2764 917 2809 in
932 2760 1147 2827 praeclaro
1165 2777 1325 2825 opere,
1414 2761 1680 2825 proscripsit
1694 2795 1710 2820 ,
1737 2763 1873 2823 juxta
1901 2758 2017 2807 illud
2041 2757 2092 2807 S.
2114 2757 2353 2823 Augustini
2372 2761 2442 2808 ef-

299 2842 353 2893 ΙΙ
376 2846 509 2893 buon
530 2861 617 2893 uso
639 2843 763 2893 della
787 2842 943 2909 quica
971 2849 1030 2891 in
1052 2849 1260 2893 materia
1275 2842 1331 2890 di
1416 2842 1567 2891 satum
1601 2860 1615 2890 ε
1665 2840 1888 2892 Ecclesia
1923 2841 2025 2890 Dei
2069 2846 2198 2890 inter
2238 2841 2442 2891 multam

299 2926 534 2993 νοίῐίρίοπ,
554 2937 674 2976 tom.
695 2944 710 2975 1
732 2964 746 2988 ‚
776 2927 890 2976 edit.
907 2926 1153 2977 Florentiae
1177 2922 1326 2985 1821,
1410 2923 1601 2991 paleam
1623 2963 1636 2986 ‚
1664 2924 1908 2990 multaque
1927 2929 2134 2974 zizania
2157 2931 2439 2987 constituta,

301 3023 464 3072 opusc.
490 3022 528 3053 11
546 3041 562 3066 ‚
593 3008 670 3054 cui
699 3006 863 3054 titulus
895 3016 962 3054 est
984 3023 998 3054 ε
1020 3005 1187 3054 Abusi
1202 3004 1330 3054 nella
1418 3006 1569 3055 multa
1582 3007 1751 3056 tolerat
1761 3028 1780 3066 ;
1793 3017 1836 3055 et
1855 3016 2018 3055 tamen
2030 3025 2137 3073 quw
2152 3017 2265 3056 sunt
2277 3017 2442 3057 contra

299 3089 461 3139 chiesa
482 3107 497 3153 3
521 3093 630 3138 scite
650 3089 725 3139 Cl.
755 3101 914 3139 auctor
941 3088 1232 3156 distinguens
1253 3094 1327 3139 in·
1411 3091 1560 3154 fidem
1587 3090 1661 3138 vel
1679 3091 1852 3138 bonam
1883 3096 2036 3138 vitam
2061 3107 2160 3138 non
2189 3091 2438 3157 approbat,

298 3181 372 3222 ter
396 3172 576 3220 abusus
596 3170 830 3222 Ecclesioe
859 3182 904 3222 et
928 3173 1108 3222 abusus
1132 3178 1192 3222 in
1228 3170 1328 3223 Ec-

297 3251 445 3302 clesia
463 3292 477 3312 ‚
499 3257 665 3304 merito
691 3268 826 3322 negat
848 3294 860 3317 ‚
879 3256 952 3305 vel
969 3255 1228 3323 aliquando
1249 3275 1320 3305 ex-

298 3336 443 3385 titisse
464 3374 478 3396 ,
503 3337 574 3385 vel
592 3348 743 3387 extare
759 3356 891 3402 posse
904 3338 1077 3387 abusus
1095 3338 1327 3401 Ecclesiae,

299 3435 379 3468 seu
397 3421 538 3467 totius
561 3418 775 3468 Ecclesiae
792 3424 997 3487 corporis
1017 3460 1028 3480 ,
1055 3424 1143 3470 nisi
1163 3422 1324 3471 Chris-

298 3511 372 3550 tus
389 3504 619 3567 promissis
637 3504 731 3550 suis
746 3508 946 3567 potuerit
962 3506 1137 3568 deesse3
1154 3506 1327 3554 abusus

299 3585 424 3632 enim
460 3583 692 3651 quoslibet
726 3584 929 3634 Ecclesia
951 3605 1202 3653 nunquam
1221 3605 1328 3654 pro-

297 3664 424 3713 bavit
446 3703 460 3727 ,
509 3666 587 3716 sed
637 3678 859 3733 perpetuo
903 3668 1144 3721 damnavit
1190 3681 1329 3737 atque

1414 3190 1502 3222 nec
1519 3182 1666 3232 tacet,
1684 3173 1908 3238 necfacit
1927 3174 2034 3238 (Ep.
2051 3172 2116 3223 55
2131 3174 2188 3222 ad
2203 3173 2435 3237 Januar.).

1413 3256 1473 3304 At
1488 3257 1660 3305 fatetur
1673 3293 1685 3315 ,
1707 3256 1880 3304 abusus
1894 3275 1989 3306 esse
2003 3259 2051 3305 in
2067 3256 2270 3305 Ecclesia
2285 3295 2297 3317 ‚
2316 3273 2438 3305 sem·

1416 3357 1589 3406 perque
1611 3339 1787 3404 aliquot
1813 3339 1951 3386 fuisse
1971 3377 1983 3398 ‚
2007 3348 2053 3387 et
2088 3339 2266 3387 futuros
2302 3354 2400 3387 esse
2418 3373 2434 3398 ‚

1413 3425 1526 3489 quia
1542 3439 1649 3470 cum
1684 3439 1738 3469 ex
1756 3421 2027 3470 hominibus
2047 3422 2252 3470 Ecclesia
2269 3421 2437 3469 coales-

1411 3516 1484 3553 cat
1505 3542 1517 3563 ‚
1551 3506 1632 3570 qui
1671 3504 1852 3570 fragiles
1882 3515 1991 3552 sunt
2026 3516 2069 3552 et
2106 3505 2280 3552 infirmi
2301 3532 2314 3563 ·,
2349 3505 2438 3550 im-

1411 3586 1630 3653 possibile
1659 3597 1727 3635 est
1743 3627 1759 3648 ,
1787 3599 1838 3637 ut
1856 3605 1994 3637 nemo
2014 3589 2072 3636 sit
2091 3588 2206 3653 ,qui
2231 3586 2437 3634 humana

1414 3686 1510 3718 non
1533 3671 1755 3734 patiatur.
