2554 4140
2045 154 2167 216 283

612 180 765 216 PROP.
810 179 917 219 vn.
964 180 1032 216 ΒΕ
1075 178 1216 217 sYs'r.
1259 179 1399 215 smn.
1447 175 1601 216 Pluv.

195 279 213 303 ὑ

77 334 364 420 quidlibet
411 334 699 395 sentiendi
746 333 977 394 licentia
1025 351 1262 391 omnem
1319 331 1581 391 funditus
1623 330 1750 390 tolli
1797 330 2174 391 christianam

75 431 417 511 religionem
437 476 452 504 .,
480 429 575 490 vel
602 428 676 487 ad
713 448 1006 488 summum
1035 446 1159 484 non
1192 425 1440 506 amplius
1475 428 1716 488 retineri
1753 426 2175 487 Christianismi

65 528 181 586 nisi
206 547 423 586 nomen
449 536 507 585 et
536 524 800 586 larvam?

155 625 292 683 180.
337 625 646 706 Propterea
667 641 739 680 ex
767 618 932 678 dictis
949 621 1074 695 jam
1098 614 1360 697 sequitur
1389 616 1451 672 1⁰
1480 619 2025 679 protestantismum
2049 641 2171 679 non

66 740 189 778 esse
210 763 225 792 n
260 728 326 776 ut
361 738 494 777 cum
528 715 796 776 chemicis
834 711 1040 792 loquar
1060 755 1076 785 ‚
1112 709 1224 768 nisi
1250 712 1634 790 principium
1671 715 1992 774 dissolvens
2035 714 2176 774 reli-

64 814 246 893 gionis
302 811 623 872 christianae
648 854 665 883 .,
725 826 852 888 quae
891 806 1076 867 vitam
1117 827 1239 863 non
1280 803 1460 864 habet
1501 806 1612 864 nisi
1655 807 1717 864 in
1760 807 1879 866 sola
1922 808 2174 868 Ecclesia

64 907 340 967 catholica
362 950 378 980 .,
418 925 546 986 quae
575 924 707 962 cum
741 924 807 962 ea
839 899 1276 983 quodammodo
1304 899 1696 960 identificatur
1729 901 1846 978 (l).

155 1001 289 1060 181.
337 993 608 1079 Sequitur
641 997 711 1055 20
750 1000 1143 1056 protestantes
1164 1040 1180 1070 ,
1223 1016 1287 1055 ac
1322 995 1568 1078 proinde
1605 995 1902 1056 haereticos
1932 1016 2135 1056 omnes
2157 1042 2179 1073 ,

66 1094 296 1154 nullum
323 1091 540 1152 habere
563 1091 862 1152 vinculum
883 1091 1122 1150 unitatis
1157 1091 1434 1171 religiosae
1453 1136 1469 1166 ‚
1507 1092 1597 1150 cui
1626 1101 1935 1173 propterea
1966 1112 2183 1151 consu--

64 1189 183 1248 lere
211 1209 333 1247 non
374 1198 615 1269 possunt
645 1187 756 1246 nisi
794 1207 901 1268 per
931 1186 1334 1246 auctoritatem
1363 1186 1592 1248 civilem
1627 1198 1686 1245 et
1723 1186 2020 1269 politicam
2045 1188 2135 1268 (2)
2154 1231 2176 1263 ,

67 1428 113 1468 et
136 1415 386 1483 Tremhley
405 1454 419 1478 ‚
445 1419 613 1483 pariter
629 1434 708 1482 op.
731 1418 814 1465 cit.
844 1415 938 1464 Nos
952 1416 1076 1464 infe·-

67 1503 161 1548 rius
173 1515 226 1547 ex
245 1499 317 1546 his
332 1498 547 1547 omnibus
562 1499 735 1564 aliquot
750 1514 909 1545 eorum
929 1534 943 1557 ‚
970 1513 1076 1563 quae

67 1583 145 1631 hic
158 1573 762 1639 indicavimus,documenta
776 1580 1074 1645 proferemus3

68 1665 256 1712 interim
283 1665 462 1711 omissis
499 1678 601 1728 quae
634 1661 868 1710 Sociniani
890 1699 902 1722 ‚
942 1662 1077 1710 Anti-

69 1748 214 1793 nomii
232 1779 247 1805 ,
267 1745 437 1809 aliique
451 1746 632 1792 sectarii
662 1745 843 1793 docent
864 1746 992 1806 ,satis
1016 1747 1078 1792 sit

56 1836 122 1875 'ea
155 1829 206 1874 in
249 1826 458 1874 medium
500 1826 662 1874 afferre
682 1863 694 1887 ‚
742 1841 849 1892 quae
888 1836 1079 1874 testatur

75 1906 324 1973 Trembley
343 1945 355 1967 ‚
382 1926 456 1972 op.
479 1912 555 1955 cit.
579 1926 682 1972 pag.
705 1906 800 1955 262
820 1919 863 1956 et
880 1926 1010 1974 seqq.
1028 1910 1078 1956 in

72 1993 169 2054 ipso
185 2008 351 2053 nempe
367 1989 720 2037 Reformationis
755 1993 857 2037 sinu
880 1991 1031 2038 doceri
1061 2007 1074 2037 ε

80 2070 219 2138 Qu’il
230 2070 311 2134 n'y
328 2087 357 2117 a
375 2076 518 2136 point
543 2070 783 2119 d'actions
807 2070 1080 2119 immorales

72 2170 169 2219 par
187 2153 493 2202 elles-memes
505 2190 523 2216 ,
546 2154 843 2220 quov'qu’elles
860 2157 1080 2220 puissent

79 2238 172 2283 elre
211 2234 419 2299 illeyales
437 2272 454 2297 ,
503 2234 692 2302 d'apres
730 2235 795 2284 les
822 2236 910 2284 lois
940 2245 984 2283 et
1018 2235 1081 2285 les

75 2318 381 2365 conventinus
410 2318 466 2364 de
509 2317 555 2365 la
584 2320 754 2366 societ&
774 2357 785 2378 ‚
806 2317 923 2383 qu’il
941 2320 1023 2382 n’y
1052 2336 1081 2367 a

67 2402 211 2464 point
247 2398 459 2447 d'action
508 2399 755 2465 subjective
807 2401 1047 2448 immorale
1065 2437 1079 2460 ,

75 2483 203 2528 mais
222 2519 235 2540 ,
255 2498 344 2546 que
372 2490 471 2529 tout
489 2490 554 2529 est
577 2484 755 2530 soumis
783 2482 814 2530 ὰ
841 2482 887 2529 la
919 2486 1082 2530 neces-

79 2565 168 2610 sit&
199 2562 327 2611 dela
364 2573 534 2611 nature
553 2600 567 2623 ,
593 2574 635 2612 et
665 2563 789 2628 qu'il
817 2581 877 2611 ne
898 2574 1016 2629 peut
1048 2581 1081 2628 y

76 2646 211 2692 avoir
237 2643 556 2711 d'opposition
590 2655 721 2693 entre
751 2645 797 2692 la
815 2645 1077 2693 sensibilite

80 2733 123 2771 et
150 2725 195 2774 Ia
214 2729 394 2774 raison.

1168 1415 1211 1464 il
1226 1418 1399 1481 perira
1420 1453 1434 1478 ‚
1452 1433 1630 1465 comme
1645 1416 1834 1466 Pulcere
1852 1419 1986 1484 perit
2003 1435 2115 1468 avec
2134 1417 2185 1468 Ic

1163 1496 1362 1545 dernier
1381 1498 1533 1546 atome
1555 1498 1612 1546 de
1627 1498 1768 1546 chair
1780 1501 1969 1548 vivente
1995 1498 2120 1565 qu'il
2144 1517 2177 1548 a

1162 1578 1343 1627 decore.
1361 1578 1495 1645 Quod
1511 1581 1647 1645 plane
1663 1584 1873 1646 congruit
1885 1599 1991 1630 cum
2002 1584 2056 1630 iis
2070 1598 2179 1648 quae

1160 1660 1302 1709 habet
1321 1661 1592 1727 Apostolus:
1610 1658 1778 1711 Sermo
1794 1680 1954 1711 eorum
1973 1663 2182 1727 (haereti--

1161 1745 1347 1803 corum)
1365 1753 1418 1792 ut
1431 1760 1605 1792 cancer
1617 1747 1768 1809 serpit
1783 1746 1839 1809 (ιι
1855 1745 1976 1796 Tim.
1992 1761 2048 1807 1¹,
2077 1762 2093 1794 ι
2105 1746 2182 1810 7).⁴

1231 1825 1306 1890 (2)
1330 1826 1655 1891 Experimento
1673 1839 1956 1892 compertum
1979 1838 2045 1876 est
2065 1827 2175 1892 plu·

1162 1908 1283 1954 rium
1312 1909 1583 1956 saeculorum
1604 1945 1617 1968 ‚
1653 1919 1824 1969 sectas,
1853 1927 1953 1974 quae
1985 1927 2032 1957 se
2062 1909 2179 1957 sub-

1168 1991 1410 2038 duxerunt
1430 1991 1642 2056 legitimae
1656 1995 1912 2040 auctoritati
1933 1993 2177 2056 spirituali,

1166 2071 1399 2135 prolapsas
1429 2072 1570 2120 fuisse
1598 2073 1684 2120 sub
1712 2075 1957 2138 imperium
1985 2073 2175 2121 saecula-

1165 2154 1285 2199 rium
1315 2170 1398 2201 seu
1419 2154 1644 2214 civilium,
1664 2172 1763 2219 quae
1779 2155 1924 2202 multo
1942 2155 2175 2203 duriorem

1166 2236 1216 2281 in
1256 2235 1376 2298 ipsas
1418 2245 1631 2283 exercent
1672 2245 1944 2300 potestatem
1972 2272 1985 2293 ‚
2035 2253 2178 2301 quam

1167 2333 1378 2381 unquam
1420 2327 1530 2364 ante
1580 2335 1734 2364 earum
1783 2317 2080 2365 rebellionem
2126 2319 2178 2366 in

1165 2401 1287 2461 ipsas
1338 2400 1622 2447 exercuerint
1670 2398 1867 2447 Romani
1918 2398 2174 2448 Pontifices.

1168 2477 1317 2543 Quare
1331 2483 1498 2528 merito
1515 2482 1693 2545 scripsit
1711 2480 1746 2528 F
1749 2481 1863 2529 eller
1882 2517 1895 2541 ‚
1918 2479 2043 2530 Dict.
2061 2480 2174 2532 hist.

1165 2573 1281 2610 tom.
1313 2579 1375 2611 vu
1396 2598 1410 2624 ,
1439 2580 1540 2626 pag.
1575 2561 1673 2609 262
1697 2580 1709 2610 z
1748 2562 1878 2609 Tous
1905 2579 2025 2611 ceux
2043 2601 2055 2623 ‚
2088 2567 2177 2628 qui

1166 2661 1214 2701 ‚se
1230 2652 1338 2692 sont
1352 2649 1537 2709 separes
1559 2644 1625 2691 du
1643 2643 1803 2708 qrand
1826 2661 1963 2710 corps
1987 2645 2043 2692 de
2061 2644 2175 2695 l'E-

1162 2725 1282 2788 qlise
1318 2733 1363 2773 et
1413 2724 1470 2772 de
1505 2741 1591 2772 son
1635 2723 1766 2787 Chef
1777 2762 1790 2784 ‚
1823 2725 1955 2773 n’ont
1977 2728 2174 2789 jamnis

146 2806 442 2872 (l)Apposite
456 2807 619 2855 Comes
632 2805 958 2854 DeMaistrein
977 2807 1097 2871 ope?
1165 2809 1371 2870 manque
1399 2804 1455 2852 de
1489 2804 1664 2852 tomber
1690 2821 1799 2852 sous
1830 2822 1924 2853 une
1964 2809 2172 2856 autor-2⁰16

80 2905 150 2948 re,
175 2891 300 2954 quod
326 2890 590 2937 inscribitur
614 2887 695 2936 Du
710 2890 847 2954 Pape
869 2927 882 2949 ‚
907 2890 986 2938 liv.
1009 2904 1046 2936 11
1067 2926 1081 2950 ,
1159 2887 1363 2953 profane
1382 2895 1426 2934 et
1451 2886 1723 2936 arbitraire.
1752 2887 1853 2936 Hoc
1874 2890 2053 2953 jamdiu
2093 2889 2176 2938 ob-

80 2969 156 3016 ch.
175 2967 222 3030 5,
232 2973 425 3035 scripsit:
442 2967 506 3017 Si
520 2967 1087 3036 leprotestantism'eporte
1169 2979 1419 3017 servaverat
1457 2969 1784 3017 Melanchthou
1826 2972 1875 3017 in
1918 2988 2002 3019 sua
2034 2969 2173 3020 Prae-

78 3048 289 3116 torgjours
303 3051 343 3097 Ie
356 3054 503 3099 me'me
516 3069 642 3109 nom,
655 3055 855 3117 quoique
868 3069 921 3100 sa
932 3053 1006 3117 foi
1018 3054 1090 3101 ait
1163 3050 1356 3115 sacione
1378 3069 1566 3117 operum
1586 3089 1600 3112 ‚
1622 3052 1703 3101 ubi
1733 3051 2031 3104 vehementer
2060 3070 2172 3102 con-

79 3134 435 3181 immensement
457 3136 589 3181 varie
603 3172 617 3191 ‚
636 3135 751 3182 c'est
764 3152 852 3199 que
872 3150 958 3181 son
976 3150 1087 3182 nom
1170 3135 1376 3199 queritur
1390 3167 1407 3194 ‚
1438 3135 1549 3198 jugo
1572 3134 1723 3198 papali
1743 3171 1756 3194 ,
1789 3136 1915 3201 quod
1945 3153 2042 3190 non
2081 3148 2176 3186 erat

80 3219 208 3262 etant
233 3225 485 3279 purement
529 3216 744 3280 nequis,
775 3226 817 3263 et
839 3234 899 3263 ne
931 3217 1087 3280 siqui·
1168 3217 1257 3263 nisi
1286 3213 1495 3279 ligneum
1515 3251 1530 3274 ‚
1567 3216 1814 3265 suffectum
1847 3218 1985 3266 fuisse
2010 3222 2174 3284 jugum

72 3296 199 3359 siant
232 3297 406 3360 qu'une
445 3298 769 3345 renonciation
794 3314 860 3345 au
887 3297 1087 3345 cathole'-
1168 3298 1365 3348 ferreum
1378 3298 1683 3364 politicorum
1705 3319 1784 3350 seu
1813 3302 2036 3351 lateorum
2060 3339 2073 3362 ,
2094 3304 2178 3367 qui

73 3380 221 3425 cisme
241 3414 255 3436 ‚
284 3381 433 3426 moins
462 3380 496 3427 il
523 3384 665 3429 croira
681 3415 697 3441 ‚
726 3382 827 3446 plus
848 3380 881 3428 il
911 3391 1082 3446 protes·
1167 3380 1256 3429 sibi
1298 3394 1616 3448 arrogaverant
1645 3387 1961 3434 auctoritatem
1994 3383 2176 3443 terribi-⁸

76 3470 169 3508 tera
193 3495 209 3521 9
222 3459 338 3526 plus
358 3459 397 3506 il
418 3477 523 3508 sera
555 3460 818 3510 lui-meme.
849 3461 949 3510 Son
970 3479 1080 3510 nom
1167 3461 1327 3512 liorem
1352 3465 1521 3530 papali.
1545 3464 1884 3515 Centuriatores
1904 3464 2178 3530 Magdebur-

75 3542 309 3589 decenam
330 3542 452 3590 donc
475 3553 578 3590 tous
596 3542 806 3609 lesjours
816 3543 930 3610 plus
953 3547 1080 3607 vrai,
1163 3564 1323 3611 genses
1344 3584 1358 3607 ‚
1380 3545 1432 3595 in
1445 3546 1483 3595 I
1480 3549 1809 3597 ntroductione
1823 3548 1889 3595 ad
1910 3548 2177 3595 centuriam

76 3622 114 3668 il
134 3623 235 3672 doit
253 3623 481 3672 subsister
498 3661 511 3690 ,
524 3626 764 3691 jusqu'au
788 3636 992 3675 moment
1020 3629 1082 3676 οὐ
1165 3645 1230 3677 vn
1244 3665 1257 3689 ,
1274 3632 1470 3695 graviter
1484 3640 1531 3682 et
1553 3633 1642 3698 ipsi
1662 3631 1720 3682 de
1739 3632 1901 3681 eodem
1919 3629 2040 3679 malo
2065 3646 2179 3678 con-
