2554 4140
2058 115 2169 177 191

401 135 522 176 car.
568 135 651 174 1v.
702 135 771 170 ne
815 134 993 172 nxlsr.
1043 134 1157 175 mv.
1203 128 1274 172 Ac
1317 134 1618 173 sumnum.
1667 131 1800 173 nav.

56 287 130 348 ad
153 284 457 356 effectum3
486 278 723 362 quando
745 299 836 338 ex.
857 299 942 358 gr.
965 275 1206 336 dicitur:
1227 277 1423 336 Homo
1440 280 1610 352 vim't7
1632 298 1767 358 erqo
1780 281 2064 358 respirat,
2080 279 2177 341 vel

54 404 88 443 e
109 401 390 442 converso
428 400 443 437 :
476 378 672 437 Homo
694 377 998 454 respirat,
1023 390 1156 451 erqo
1187 373 1369 442 vivit,
1394 382 1463 430 ut
1486 372 1784 434 dialectica
1816 372 2004 434 docet.
2038 376 2176 435 Jam

55 499 196 540 vero
224 476 288 534 in
312 495 445 535 casu
475 482 677 531 nostro
699 468 773 528 ab
807 466 1051 542 effectu,
1083 463 1462 535 multitudine
1497 487 1716 549 nempe
1736 513 1752 543 7
1787 469 2132 530 fortitudine
2155 515 2172 546 7

58 571 379 652 ceterisque
424 565 711 645 adjunctis
766 570 1094 640 martyrum
1133 558 1585 618 christianorum
1631 561 1934 624 inferimus
1975 586 2178 626 veram

58 689 124 728 ac
156 666 421 740 divinam
460 683 581 722 esse
616 657 956 736 religionem
990 653 1366 712 christianam
1387 698 1404 728 7
1443 653 1507 712 in
1542 675 1658 736 qua
1687 667 1748 715 et
1778 680 1886 739 pro
1931 682 2044 740 qua
2086 660 2175 723 illi

58 761 474 823 occubuerunt.
493 758 563 814 2⁰
576 754 720 827 Quia
726 757 750 831 j
756 773 850 810 am
862 750 1177 810 constituta
1197 750 1443 810 veritate
1454 760 1514 809 et
1529 750 1837 811 divinitate
1849 752 2178 817 christianas

60 856 350 937 religionis
377 848 735 932 argumentis
772 858 901 905 tum
928 845 1258 905 intrinsecis
1286 857 1416 904 tum
1456 847 1793 906 extrinsecis
1819 893 1836 923 7
1876 850 2074 931 petitis
2107 873 2179 913 ex

55 949 345 1012 miraculis
359 993 378 1025 ,
402 944 688 1006 vaticiniis
711 987 726 1018 7
752 942 1033 1002 doctrinae
1053 942 1268 1001 Christi
1286 943 1592 1003 sanctitate
1612 989 1627 1018 7
1657 943 1900 1026 aliisque
1916 947 2179 1027 superius

55 1047 241 1106 allatis
262 1090 278 1120 7
307 1042 490 1123 magis
523 1040 820 1122 magisque
855 1038 1063 1098 eadem
1093 1040 1307 1098 veritas
1351 1041 1730 1098 confirmatur
1767 1051 1826 1099 et
1870 1039 2182 1101 roboratur

54 1164 126 1204 ex
160 1139 365 1200 ceteris
399 1137 636 1196 motivis
661 1133 1063 1194 credibilitatis
1084 1178 1101 1208 7
1144 1133 1468 1212 cujusmodi
1508 1145 1642 1193 sunt
1675 1134 1966 1215 religionis
1996 1135 2183 1196 chris-

52 1237 226 1295 ‘tianae
256 1220 596 1314 propagatio
616 1275 632 1305 7
672 1232 1040 1290 conservatio
1066 1240 1127 1288 et
1161 1240 1447 1310 martyres
1477 1229 1540 1287 in
1577 1230 1693 1289 suis
1732 1230 2020 1310 adjunctis
2049 1252 2185 1291 con-

55 1332 319 1392 sideratae
343 1375 359 1402 7
397 1350 527 1411 quae
569 1327 788 1409 pariter
827 1336 967 1384 sunt
1004 1324 1253 1384 totidem
1291 1326 1703 1386 vaticiniorum
1735 1327 1948 1386 Christi
1990 1327 2184 1387 adim·-

58 1427 394 1510 plementa3
440 1423 652 1482 falsum
698 1433 1010 1504 propterea
1058 1432 1146 1478 est
1189 1442 1220 1479 a
1265 1420 1436 1480 nobis
1476 1422 1731 1504 supponi
1778 1421 1938 1504 quod
1981 1434 2070 1483 est
2119 1425 2184 1484 in

58 1524 397 1607 quaestione.

143 1618 282 1676 429.
328 1614 459 1695 Obj.
505 1612 777 1675 secunda.
831 1614 895 1671 1⁰
930 1610 1256 1692 Religiones
1295 1634 1535 1688 omnes7
1579 1615 1820 1697 aegyptia
1847 1659 1876 1692 ‚-
1911 1636 2138 1697 pagana
2164 1661 2183 1692 7

62 1714 396 1789 islamitica7
426 1723 606 1794 atque
641 1712 704 1769 in
736 1712 868 1768 sinu
894 1711 1020 1791 ipso
1055 1709 1387 1769 christianae
1427 1708 1720 1789 religionis
1762 1712 2134 1773 Montanistae
2168 1756 2186 1788 7

66 1810 387 1870 Donatistae
412 1854 429 1884 7
478 1806 904 1888 Anabaptistae7
940 1807 1334 1864 protestantes
1362 1826 1494 1864 suos
1532 1806 1840 1887 proferunt
1873 1804 2186 1889 martyres·

71 1907 224 1966 Hinc
252 1903 600 1986 prodierunt
623 1899 1035 1982 martyrologia
1063 1899 1574 1983 Anabaptistarum
1591 1946 1608 1977 7
1638 1923 1888 1984 quorum
1919 1904 2190 1964 meminit

70 2000 243 2082 Bayle
273 2000 363 2081 (l)
386 2046 401 2075 7
444 1997 925 2078 martyrologium
962 1995 1454 2076 ‘Anglicanorum7
1504 1997 1662 2080 quod
1694 1998 1879 2059 edidit
1912 2002 2029 2060 Fox
2058 2001 2149 2080 (2)
2169 2045 2186 2074 7

75 2095 533 2156 protestantium
556 2140 570 2167 7
596 2092 755 2176 quod
774 2094 930 2152 inter
943 2103 1160 2152 ceteros
1179 2093 1427 2162 confecit
1444 2093 1765 2173 Gteddesius
1781 2094 1890 2176 (3).
1911 2097 1978 2153 20
1994 2097 2193 2155 Freret

75 2190 380 2251 contendit
403 2235 419 2265 7
453 2190 644 2272 primo
674 2189 800 2271 ipso
830 2187 1092 2248 Ecclesiae
1117 2188 1323 2248 saeculo
1354 2188 1715 2280 disputatum
1746 2212 1869 2251 esse
1895 2190 1973 2251 'de
2012 2192 2070 2252 vi
2096 2212 2195 2251 ar-

75 2286 374 2373 gumenti7
419 2283 578 2368 quod
621 2306 654 2344 a
705 2282 1058 2364 martyribus
1106 2283 1336 2344 ducitur
1379 2284 1489 2365 (4).
1541 2284 1608 2344 30
1644 2284 1907 2347 Validior
1951 2308 2196 2371 quaeque

1811 2418 1827 2446 ⁴>

79 2550 176 2600 Deo
194 2551 332 2599 servis
346 2549 441 2597 suis
458 2547 711 2613 opitulante
729 2548 871 2611 repeti
888 2556 1094 2611 possunt,

76 2642 128 2680 ut
155 2642 279 2698 patet
302 2648 356 2680 ex
380 2632 492 2695 ipsis
520 2635 636 2678 actis
666 2627 752 2677 SS.
784 2627 1035 2676 Felicitatis
1048 2636 1097 2675 et

80 2713 313 2780 Perpetuae
335 2749 349 2772 ‚
367 2728 470 2779 quae
490 2712 776 2760 adversarius
804 2719 957 2758 noster
970 2727 1108 2757 com-t

82 2806 325 2845 memorat.
343 2793 453 2860 Quoe
470 2795 593 2842 enim
611 2795 660 2839 in
683 2792 775 2839 illis
801 2800 1099 2840 recensentur

85 2878 144 2927 de
169 2877 223 2927 S.
257 2877 480 2941 Perpetua
499 2873 618 2922 nihil
643 2871 822 2922 habent
850 2890 1100 2921 commune

87 2978 194 3010 cum
239 2960 475 3010 extasibus
515 2960 837 3024 magnetismi3
876 2959 913 3005 si
946 2967 1101 3005 tamen

91 3059 251 3090 verum
281 3052 377 3102 est,
422 3040 548 3107 quod
584 3041 876 3105 magnetismi
921 3039 1101 3104 patroni

92 3123 377 3188 praedicant,
408 3139 515 3171 cum
550 3132 726 3171 certum
766 3123 824 3169 sit
866 3139 921 3169 ex
953 3119 1105 3169 allatis

93 3206 387 3253 documentis
403 3239 420 3264 ‚
452 3202 533 3252 ubi
552 3203 798 3268 agebamus
826 3203 883 3252 de
909 3205 1104 3251 miracu-

92 3288 167 3348 lis,
183 3290 346 3353 saepius
359 3289 715 3353 magnetismum
732 3305 869 3336 suum
887 3286 1104 3335 effectum

93 3387 188 3433 non
222 3371 407 3430 sortiri,
439 3387 492 3418 ac
533 3369 662 3435 plura
697 3370 767 3419 illi
800 3370 967 3430 tribui,
1006 3386 1106 3435 quae

93 3452 201 3501 falsa
233 3453 376 3500 sunt?

160 3533 231 3598 (l)
269 3533 324 3582 In
342 3532 465 3583 Dict.
487 3535 589 3583 crit.
609 3544 693 3584 art.
727 3533 1070 3601 Anabaptistes
1089 3570 1103 3594 ,

96 3630 339 3683 teman-que
359 3614 410 3664 F.

1247 2543 1311 2606 (2)
1349 2544 1477 2594 Aeta
1521 2553 1567 2593 et
1603 2554 1915 2596 monumenta
1954 2547 2191 2610 eoelesioe,

1179 2625 1274 2675 vol.
1319 2627 1368 2676 3.
1406 2628 1583 2685 in·fol.‚
1628 2645 1734 2694 qum
1771 2645 1932 2678 recusa
1968 2641 2076 2678 sunt
2107 2630 2195 2678 sub

1181 2710 1313 2758 titulo
1340 2707 1738 2775 Martyroloqium
1767 2729 1847 2760 an.
1877 2709 2023 2775 1684.

1249 2793 1319 2855 (3)
1338 2792 1575 2841 Michaelis
1591 2792 1804 2842 Geddesii
1819 2796 2202 2860 martyrologium

1183 2893 1343 2924 eorum
1363 2911 1376 2934 7
1418 2877 1499 2940 qui
1533 2877 1582 2922 in
1614 2874 1836 2940 Hispania
1865 2875 1925 2924 ob
1952 2877 2202 2942 professio-

1183 2976 1292 3007 nem
1320 2957 1551 3021 religionis
1588 2956 1940 3006 Protestantium
1982 2977 2198 3024 supremo

1185 3039 1410 3104 supplicio
1429 3039 1580 3087 affecti
1607 3050 1744 3101 sunt,
1769 3057 1829 3089 ex
1851 3041 2031 3106 anglico
2059 3042 2202 3092 latine

1186 3125 1414 3173 convertit
1437 3133 1482 3172 et
1510 3124 1714 3188 vulgavit
1738 3123 2025 3174 Moshemius
2041 3162 2055 3186 7
2088 3142 2203 3191 prae-

1189 3210 1327 3255 missa
1342 3206 1532 3271 epistola
1550 3204 1855 3268 amarulenta,
1892 3223 1907 3254 1
1920 3207 2034 3273 732,
2046 3210 2097 3256 in
2109 3208 2205 3256 fine

1189 3305 1386 3359 suarum*
1418 3287 1789 3337 dissertationum
1819 3288 1878 3337 ad
1919 3288 2039 3338 Hist.
2086 3289 2199 3339 eccl.

1191 3371 1544 3436 pertinentium,
1558 3369 1652 3418 vol.
1673 3387 1689 3418 1
1702 3408 1716 3433 7
1732 3369 1986 3420 Altonaviae
1998 3382 2041 3420 et
2051 3370 2085 3419 F
2088 3370 2206 3420 lens·

1194 3452 1325 3518 burgi
1364 3450 1491 3518 1733
1515 3488 1528 3515 7
1561 3452 1671 3501 edit.
1701 3469 1764 3500 2³.

1263 3532 1332 3598 (14)
1350 3531 1597 3598 Spedalieri
1610 3572 1623 3591 ,
1642 3532 1693 3582 A
1697 3534 1784 3582 nal
1787 3572 1796 3582 .
1822 3534 2082 3583 dell’esame
2097 3535 2206 3583 crit.

1200 3624 1291 3663 etc.
1313 3632 1363 3680 p.
1394 3631 1410 3663 1
1430 3631 1483 3664 10
1505 3628 1548 3665 et
1575 3634 1706 3682 seqq.
