2554 4140
552 135 703 173 paor.
753 135 815 171 11.
865 135 933 170 nn
975 133 1190 171 uncins,
1239 132 1450 170 munt.
1500 128 1680 168 miros,
2049 108 2170 166 215

57 276 261 337 Filium
294 297 461 334 suum
483 321 498 350 .,
524 277 624 356 qui
652 274 1073 335 revelationem
1103 271 1454 351 complevit,
1494 283 1553 330 et
1587 271 1662 331 ad
1685 292 1847 331 suam
1870 271 2174 354 perfectio—

53 393 192 431 nem
215 370 477 430 adduxit.
523 373 805 431 Proeterea
829 387 1133 447 nunquam
1170 364 1523 425 dimittenda
1552 366 1640 426 est
1667 366 1967 427 distinctio
1996 388 2166 448 supe-

53 466 173 525 rius
192 466 487 547 proposita
510 464 597 544 (in
621 485 773 544 resp.
804 462 880 522 ad
899 463 980 520 lm
1000 457 1188 536 insu),
1215 458 1374 517 aliud
1390 480 1604 540 nempe
1620 483 1742 520 esse
1764 463 2164 522 transmittere

56 561 276 622 oralem
309 560 682 620 traditionem
714 557 788 616 de
816 551 1116 615 nonnullis
1145 551 1432 626 articuliS.,
1471 553 1630 613 aliud
1653 577 1792 626 vero
1817 578 1951 617 cum
1981 558 2169 637 agitur

55 655 128 715 de
157 676 397 737 corpore
424 655 550 735 ipso
580 652 756 712 totius
784 646 1090 729 completae
1126 645 1498 707 revelationis
1519 692 1536 722 ‚
1573 650 1693 709 sive
1718 652 1947 732 scriptis
1977 653 2168 711 consi-

55 761 248 829 gnatae
268 796 283 825 ,
320 752 440 810 sive
472 768 580 829 per
617 743 994 804 traditionem
1025 741 1412 818 transmissae,
1454 742 1594 802 licet
1622 756 1681 802 et
1716 745 1780 802 in
1813 747 2003 826 primo
2033 769 2176 816 casu-

54 867 198 927 opus
214 845 384 905 fuerit
402 840 678 925 peculiari
693 839 799 899 Dei
818 839 1190 921 providentia
1215 838 1289 898 ad
1305 860 1435 898 eam
1454 839 1679 919 integre
1699 840 2166 917 custodiendam,

52 960 160 999 nec
194 942 344 999 Deus
369 958 497 998 eam
518 936 884 1017 privatorum
907 933 1147 994 arbitrio
1175 955 1240 993 ae
1263 935 1739 1015 interpretationi
1771 935 2077 994 dimiserit.

861 1138 1267 1192 PROPOSlTIO
1304 1139 1374 1191 ΙΙ.

51 1282 185 1340 Sola
228 1282 496 1340 Ecclesia
543 1303 582 1337 a
637 1281 869 1345 Christo
906 1285 1188 1338 instituta
1225 1285 1523 1340 instructa
1561 1290 1643 1341 est
1691 1281 1802 1338 hac
1845 1282 2168 1361 infallibili

910 1378 1281 1436 auctoritate.

133 1593 230 1650 15.
280 1592 541 1652 Ecclesiae
564 1592 803 1652 nomine
826 1592 919 1653 hic
946 1613 1068 1652 non
1092 1591 1468 1672 intelligimus
1492 1603 1710 1652 coetum
1734 1592 1999 1652 omnium
2026 1592 2162 1651 fide-

50 1686 195 1747 lium
219 1732 235 1761 ,
284 1689 383 1768 qui
416 1687 684 1766 legitimis
727 1685 1054 1768 pastoribus
1099 1687 1348 1746 subsunt
1383 1686 1492 1747 sub
1535 1689 1797 1747 Romano
1843 1687 2157 1760 Pontifice7

49 1782 432 1863 eamdemque
459 1803 591 1841 cum
616 1782 754 1863 ipsis
785 1782 961 1842 fidem
995 1782 1347 1863 profitentur
1368 1828 1384 1854 ‚
1419 1781 1740 1863 iisdemque
1773 1782 2156 1842 Sacramentis

48 1877 401 1958 participant
420 1921 436 1950 ,
468 1876 569 1939 sed
587 1877 779 1957 potius
800 1877 1204 1958 Episcopatum
1221 1878 1559 1938 universum
1580 1897 1679 1937 seu
1697 1921 1721 1949 ‚.
1743 1888 1809 1934 ut
1833 1877 1912 1937 ita
1937 1876 2151 1947 dicam,

50 1973 112 2030 in
137 1981 255 2031 tota
280 1992 381 2030 sua
403 1970 766 2052 plenitudine
782 2016 800 2044 ,,
830 1993 1044 2051 nempe
1064 1992 1272 2057 eorpus
1294 1983 1591 2053 pastorum
1612 1962 1725 2033 una
1744 1993 1878 2033 cum
1895 1973 2154 2031 Romano

47 2067 342 2126 Pontifice.

134 2161 228 2218 16.
275 2163 410 2220 Jam
453 2182 590 2226 vero
640 2162 1010 2242 Episcopatus
1054 2163 1114 2218 in
1158 2160 1442 2242 Apostolis
1468 2204 1483 2234 ,
1517 2162 1618 2241 qui
1669 2160 1844 2243 primi
1883 2158 2151 2241 Episcopi

46 2254 284 2313 suerunt
303 2301 318 2328 ,
365 2277 684 2337 eorumque
711 2259 897 2336 capite
920 2277 984 2315 ac
1009 2256 1273 2339 principe
1300 2256 1471 2314 Petro
1495 2300 1511 2329 ,
1546 2254 1813 2316 divinam
1844 2254 2157 2314 revelatio-

45 2370 183 2408 nem
201 2351 584 2431 eamdemque
598 2351 950 2432 completam
968 2349 1307 2413 immediate
1329 2372 1360 2408 a
1385 2347 1612 2410 Christo
1631 2361 1690 2410 et
1705 2350 1923 2432 Spiritu
1944 2351 2157 2411 Sancto

47 2446 300 2525 accepit3
343 2445 604 2510 Christus
634 2456 914 2527 praeterea
943 2445 1247 2526 Apostolos
1281 2446 1440 2504 misit
1470 2466 1576 2527 per
1604 2445 1943 2508 universum
1980 2467 2159 2505 mun·-

47 2537 188 2599 dum
224 2539 298 2601 ad
332 2541 595 2601 divinam
626 2541 1048 2604 revelationem
1079 2541 1547 2623 patefaciendam
1582 2527 1918 2602 horninibus
1938 2585 1954 2614 ,
1984 2542 2157 2621 ipsis·

45 2654 158 2713 que
204 2636 503 2716 propriam
563 2635 963 2700 adsistentiam
1013 2637 1282 2717 promisit
1332 2657 1515 2717 usque
1563 2635 1639 2695 ad
1688 2635 1895 2701 mundi
1945 2636 2147 2693 finem.

45 2727 261 2807 Aperta
291 2738 430 2789 sunt
451 2728 665 2790 Christi
698 2728 877 2794 verba
903 2729 1062 2811 apud
1093 2730 1302 2795 Matth.
1334 2750 1463 2811 cap.
1506 2729 1613 2791 ult.
1647 2751 1660 2787 :
1695 2730 1930 2795 Eume-3
1966 2730 2155 2789 docete

45 2841 244 2888 omnes
262 2833 552 2903 qantos...
579 2825 840 2889 docentes
857 2845 947 2883 eos
965 2845 1200 2887 servare
1224 2830 1430 2884 omnia
1445 2845 1836 2903 quencumque
1860 2825 2160 2887 mandavi

46 2917 211 2978 vobis
230 2962 246 2991 ,
282 2930 337 2977 et
375 2939 498 2977 ecce
522 2939 619 2998 ⁰9⁰
663 2920 965 2978 vobiscum
994 2941 1130 2980 sum
1160 2919 1182 2998 (
1210 2918 1553 2979 docentibus
1591 2929 1650 2979 et
1677 2918 2153 3000 baptizantibus)

46 3013 325 3073 omnibus
365 3014 607 3087 deabus,
652 3036 839 3093 usque
875 3015 962 3072 ad
999 3020 1572 3091 consummationem
1616 3017 1857 3081 soeculi;
1902 3025 1962 3074 et
1999 3012 2156 3095 apud

46 3105 215 3163 Joan.
252 3107 407 3181 XIV,
449 3107 560 3182 16.,
608 3109 679 3168 17
723 3131 736 3166 :
773 3110 903 3189 Eyo
947 3111 1162 3189 rogaho
1193 3111 1444 3170 Patrem
1471 3120 1526 3169 et
1546 3112 1737 3176 alium
1770 3111 2156 3172 Paraclz'tum

47 3200 222 3259 dabit
248 3203 409 3263 vohis
422 3246 443 3274 ,
478 3215 548 3262 ut
578 3216 824 3266 maneat
846 3206 1145 3264 vobiscum
1183 3208 1252 3263 in
1291 3217 1580 3266 oeternum
1593 3249 1616 3278 ,
1655 3207 1961 3285 Spiritum
1997 3208 2156 3264 veri-

47 3298 223 3355 tatis„
239 3299 486 3376 ..apud
511 3320 603 3358 vos
629 3302 899 3361 manebit
919 3311 974 3359 et
998 3306 1067 3360 in
1089 3302 1250 3359 vohis
1278 3304 1411 3360 eric.
1444 3302 1754 3375 Act.XV1‚
1797 3300 1870 3359 13
1890 3344 1909 3376 ,
1951 3319 2154 3382 prose-

45 3341 254 3470 quitur·
271 3392 579 3452 Christus:
615 3395 766 3454 Cum
789 3406 994 3456 autem
1029 3399 1259 3456 venerit
1287 3397 1385 3454 ille
1418 3396 1688 3492 sz’rztus
1715 3399 1986 3458 veri‘tatzs
1999 3437 2021 3466 ,
2053 3394 2152 3451 do-

45 3489 197 3545 oebzt
229 3509 322 3548 vos
360 3510 592 3548 omnem
629 3495 971 3557 vertentem
945 3538 967 3567 ,
1010 3515 1075 3552 ac
1116 3514 1388 3566 rursum,
1434 3467 1574 3554 ibid.
1617 3494 1755 3567 XX,
1799 3492 1931 3551 21:
1978 3490 2155 3547 Siout

46 3586 215 3640 miset
236 3605 327 3642 me
350 3586 536 3645 Pater
555 3596 609 3643 et
641 3608 737 3666 051⁰
765 3592 933 3648 mitto
957 3610 1071 3647 vos.
