2554 4140
729 103 882 141 paor.
931 102 1007 141 lv.
1057 104 1123 139 mi
1166 103 1314 141 Ecca.
1359 101 1552 141 PROPR.
2095 78 2213 138 ’237

117 243 376 304 Ecclesiae
408 243 732 320 sanctitati,
770 245 850 303 sic
895 242 1198 304 diversitas
1235 253 1338 300 aut
1372 244 1627 323 pravitas
1668 240 1804 301 fidei
1836 261 1901 302 ac
1942 239 2216 300 doctrinae

112 360 233 398 non
266 338 523 398 detrahit
545 343 665 415 ejus
687 338 919 398 unitati.

193 434 299 492 72.
339 435 508 515 Resp.
545 438 712 492 Cone.
741 443 928 492 antec.
958 441 1015 489 et
1037 450 1165 509 my.
1199 448 1423 506 conseq.
1455 430 1543 488 Ad
1570 430 1881 510 paritatem
1899 475 1916 503 ‚
1956 431 2095 490 dist.
2122 475 2139 505 7
2169 431 2217 490 si

113 530 368 610 pravitas
411 550 644 588 morum
684 528 758 588 sit
799 523 1119 609 personalis
1137 568 1153 598 ‚
1209 544 1402 590 conc.,·
1450 525 1500 582 si
1541 524 1905 602 doctrinaliS,
1953 549 2082 608 neq.
2116 526 2218 587 'vel

112 625 363 683 subdist.
383 668 401 699 ,
432 624 658 705 privata
679 666 696 696 ‚
737 641 926 686 comm·
959 616 1190 700 publica
1212 663 1229 692 ,
1263 638 1390 700 quae
1431 638 1647 699 nempe
1673 621 1981 700 proveniat
2015 644 2090 682 ex
2115 623 2219 682 Ec·

112 717 294 777 clesiae
324 716 698 797 magisterio,v
722 735 850 793 neq.
895 713 1179 772 Sanctitas
1216 713 1376 772 enim
1412 711 1669 771 Ecclesiae
1711 714 1952 793 perinde
1992 737 2058 774 ac
2084 716 2221 775 uni-

112 823 199 871 tas
237 833 371 876 non,
393 813 585 875 minus
624 830 697 869 ex
721 807 859 867 fidei
897 807 1094 887 regula
1131 830 1309 889 quam
1345 830 1416 869 ex
1453 806 1651 887 regula
1691 829 1930 866 morum·
1959 811 2213 891 pendet3

110 918 465 989 quapropter
483 951 509 991 ,γ
527 906 575 963 si
595 903 785 964 'semel
814 902 1059 962 Ecclesia
1081 925 1326 986 pravam
1353 924 1585 962 morum
1607 900 1932 966 doctrinam
1963 905 2219 966 traderet

108 1001 239 1060 filiis
261 1002 410 1073 suis3
448 1010 648 1079 aperte
671 1008 836 1081 patet
856 998 1014 1079 quod
1037 1010 1233 1057 sancta
1262 1003 1386 1076 jam
1414 1018 1538 1058 esse
1563 1008 1814 1058 cessaret
1834 1043 1849 1072 ,
1885 997 2091 1057 eadem
2120 1021 2219 1058 ra-

108 1095 266 1153 tione
300 1115 368 1153 ac
393 1094 439 1152 si
470 1115 647 1175 prava
681 1093 951 1172 dogmata
989 1092 1239 1153 doceret.
1283 1092 1453 1166 Quod
1480 1093 1527 1150 si
1557 1091 1828 1151 nonnulli
1856 1094 2070 1175 privati
2097 1093 2219 1154 sive

106 1188 254 1248 circa
296 1187 475 1247 fidem
516 1189 636 1249 sive
681 1188 830 1248 circa
881 1198 1071 1247 mores
1111 1198 1454 1269 peccarent,
1505 1186 1706 1268 utique
1757 1187 2002 1247 istorum
2040 1208 2219 1249 'error

107 1294 208 1342 aut
249 1283 577 1361 ignorantia
627 1293 729 1341 aut
788 1282 1009 1346 malitia
1060 1281 1227 1341 nullo
1275 1281 1451 1342 modo
1500 1281 1800 1342 officerent
1841 1283 1964 1342 sive
2005 1285 2219 1345 unitati

108 1378 231 1437 sive
262 1377 555 1436 sanctitati
579 1376 837 1436 Ecclesiae
857 1421 874 1451 ‚
907 1377 1008 1436 sed
1037 1375 1151 1436 illis
1184 1377 1317 1435 solis
1341 1387 1646 1437 nocerent.

191 1471 290 1531 73.
337 1473 479 1531 Inst.
509 1473 721 1554 primo.
751 1472 955 1530 Unitas
990 1471 1341 1553 plerumque
1366 1492 1438 1531 ex
1459 1471 1702 1532 diversis
1723 1516 1740 1546 7
1767 1473 1886 1531 imo
1913 1476 2218 1535 contrariis

109 1565 456 1647 quandoque
482 1611 498 1642 ,
532 1566 836 1627 elementis
857 1587 959 1627 seu
979 1567 1280 1649 principiis
1303 1577 1569 1625 constare
1591 1577 1818 1648 potest,
1848 1589 1983 1649 ergo
2007 1581 2067 1629 et
2091 1571 2219 1629 uni-

106 1673 192 1720 tas
227 1660 382 1721 fidei.

186 1755 289 1815 74.
338 1759 511 1838 Resp.
541 1758 697 1816 Dist.
736 1769 924 1818 antec.
965 1759 1170 1817 Unitas
1206 1756 1477 1839 physica,
1516 1778 1707 1824 conc.,·
1742 1758 2115 1861 doctrinalis-7
2146 1762 2218 1819 fi-

106 1851 200 1911 dei
228 1873 293 1911 ac
332 1852 659 1931 religioniS‚
691 1874 821 1934 neq.
862 1852 972 1933 (l).

188 1946 807 2008 75.1nst.secundo.
861 1948 1079 2028 Religio
1128 1958 1296 2009 vetus
1347 1949 1468 2010 sive
1509 1948 1787 2008 naturalis
1835 1950 1956 2012 sive
1985 1950 2217 2029 judaica

109 2063 223 2100 una
254 2051 314 2100 et
336 2043 561 2122 integra
599 2041 948 2102 subsistebat
971 2089 988 2118 ‚
1030 2043 1163 2102 licet
1202 2044 1463 2125 ipsarum
1501 2043 1753 2103 cultores
1789 2045 2057 2119 diversa.
2098 2047 2217 2104 imo

108 2147 168 2196 et
203 2138 488 2197 contraria
525 2141 813 2199 sentirent
848 2139 996 2198 circa
1043 2139 1258 2199 multos
1295 2138 1565 2199 articulos
1587 2184 1602 2212 ,
1647 2132 1823 2221 proiit
1863 2139 1937 2200 de
1970 2140 2216 2200 ethnicis

109 2241 315 2290 notum
346 2244 436 2291 est
455 2277 470 2306 .,
499 2244 560 2292 et
590 2233 749 2314 quod
773 2244 997 2315 spectat
1024 2234 1098 2294 ad
1129 2237 1164 2293 J
1171 2233 1366 2294 udaeos
1386 2280 1402 2309 .‚
1442 2234 1592 2294 circa
1612 2236 2098 2296 resurrectionem
2124 2237 2218 2301 fu-

109 2337 302 2385 turam
337 2348 429 2387 ex.
474 2350 556 2407 gr.
592 2339 657 2386 ut
690 2327 1038 2402 Sadducaei,
1078 2329 1174 2389 vel
1211 2330 1358 2388 circa
1397 2329 1718 2389 humanam
1754 2330 2089 2391 libertatem
2126 2332 2219 2395 vel

106 2420 329 2504 aliquot
357 2423 735 2498 traditioneS,
772 2435 836 2483 ut
878 2424 1148 2484 Pharisaei
1183 2425 1304 2507 (2),
1340 2425 1436 2485 vel
1470 2426 1615 2486 circa
1640 2425 1822 2486 libros
1861 2429 2172 2488 canonicos
2198 2473 2214 2503 ‚

108 2527 174 2575 ut
196 2519 570 2592 Samaritanit,
600 2538 754 2608 ergo.

194 2612 295 2672 76.
344 2615 518 2695 Resp.
544 2605 698 2694 Νε9.
727 2624 916 2672 antec.
943 2613 1142 2686 Quoad
1170 2635 1372 2673 omnes
1401 2626 1595 2695 partes
1617 2659 1633 2690 ‚
1670 2636 1735 2674 ac
1761 2616 1963 2699 primo
1981 2616 2217 2697 quidem

110 2707 185 2766 ad
217 2708 480 2768 ethnicos
525 2707 682 2790 quod
715 2719 967 2790 spectat,
1012 2731 1234 2769 errores
1258 2755 1272 2784 ‚
1315 2709 1524 2790 quibus
1566 2711 1925 2791 pedetentim
1960 2733 2019 2771 se
2056 2732 2219 2771 com-

111 2803 511 2878 macularunt,
558 2823 780 2862 errores
822 2815 990 2863 erant
1028 2805 1393 2886 privatorum
1413 2850 1430 2879 ,
1482 2806 1583 2886 qui
1621 2827 1654 2864 a
1687 2806 1884 2886 regula
1934 2829 2035 2867 seu
2082 2806 2218 2867 fidei

112 2896 717 2965 normassdesciverant.
745 2898 891 2958 Cum
919 2920 1058 2960 vero
1087 2899 1150 2958 in
1172 2899 1296 2959 dies
1317 2910 1598 2960 cresceret
1623 2901 1908 2979 ejusmodi
1934 2901 2178 2962 defectio
2197 2948 2214 2979 ,

183 3154 249 3217 (l)
288 3154 450 3203 Unitas
498 3156 619 3203 enim
656 3155 764 3204 fidei
802 3173 853 3204 ac
893 3155 1122 3221 religionis
1272 3158 1342 3221 (2)
1376 3156 1937 3225 Cons.Flav.Josephus‚
1963 3159 2216 3227 Anciqwit.

112 3244 182 3283 est
217 3238 316 3300 ipsa
358 3235 748 3285 incommutabilis
786 3241 973 3298 veritas,
1006 3240 1117 3286 sim·
1202 3238 1285 3286 lib.
1333 3256 1445 3287 xvm
1465 3277 1479 3298 ‚
1520 3257 1623 3305 cap.
1673 3257 1688 3287 1
1717 3252 1762 3290 et
1790 3243 1996 3309 seq-'ubi
2019 3247 2209 3308 exponit

113 3317 215 3382 plex
226 3352 242 3376 ,
264 3317 556 3366 indivisibilis
571 3356 584 3378 ‚
606 3329 778 3367 aeterna
800 3357 813 3380 ‚
833 3335 936 3386 quae
950 3320 1120 3385 abipso
1204 3320 1412 3385 dogmata
1426 3322 1671 3386 peculiaria
1685 3325 2052 3390 uniuscujusque
2067 3334 2217 3379 sectae,

113 3397 211 3447 Deo
238 3398 479 3457 dimanat,
506 3401 588 3464 qui
606 3410 672 3448 est
702 3403 864 3450 veritas
892 3404 988 3467 ipsa
1008 3402 1118 3451 sub·
1202 3401 1538 3451 Pharisaeorum
1551 3421 1736 3469 nempe,
1752 3404 2073 3467 Esseniorum‚
2095 3403 2215 3452 Sad-

113 3481 275 3529 sistens
297 3518 310 3541 ,
340 3491 391 3529 ut
422 3483 592 3546 passim
616 3481 821 3548 loquitur
848 3482 900 3533 S.
937 3483 1120 3549 Augus·
1205 3483 1467 3533 ducatorum
1491 3496 1538 3534 et
1567 3484 1859 3535 Galilaeorum
1878 3524 1892 3548 ‚
1926 3488 2011 3552 qui
2047 3503 2073 3534 a
2097 3484 2217 3534 Juda

113 3562 269 3622 tinus,
298 3573 342 3610 et
369 3572 422 3611 ut
448 3572 572 3627 patet
593 3579 675 3627 per
699 3580 765 3613 se.
1205 3565 1383 3630 galilaeo
1404 3583 1576 3616 nomen
1603 3570 1763 3617 sortiti
1784 3576 1910 3618 sunt.
