2554 4140
761 107 908 145 PROP.
959 109 1041 146 IV·
1089 110 1155 144 DE
1200 107 1347 146 ECGL.
1395 107 1582 147 PROPR.

2104 83 2227 145 235

203 248 302 306 69.
349 246 619 328 Sequitur
654 246 720 304 40
744 247 1204 309 commentitiam
1235 267 1358 306 esse
1382 247 1814 308 distinctionem
1843 244 2221 305 articulorum

115 341 648 402 fundamentalium
661 354 722 402 et
734 365 855 403 non
869 337 1424 417 fundamentalium,
1441 363 1621 422 quam
1635 343 1857 424 primus
1871 339 2097 403 invexit
2118 341 2155 401 J
2159 361 2223 399 u-

116 437 240 495 rieu
266 437 382 517 (l),
411 458 703 518 quamque
719 440 1110 503 Protestantes
1118 435 1339 516 passim
1358 431 1641 496 ambabus
1661 436 1816 495 ulnis
1831 434 1996 496 velut
2018 434 2225 494 saluta-

117 553 243 589 rem
263 532 729 591 Protestantismi
747 530 1028 602 tabulam,
1046 550 1160 609 qua
1177 527 1250 586 ab
1270 529 1608 588 imminenti
1623 530 1920 611 naufragio
1933 531 2225 612 eriperen-

117 636 238 700 tur,
249 638 389 688 sunt
398 625 710 707 complexi,
722 624 1174 687 utadstruerunt
1189 621 1266 682 ad
1277 622 1583 685 Ecclesiam
1598 624 1811 685 Christi
1823 646 1924 685 seu
1938 625 2226 684 unitatem

118 741 214 779 eos
244 743 447 784 omnes
483 719 776 802 pertinere
790 762 808 792 ,
853 718 954 798 qui
979 716 1234 778 articulis
1270 716 1808 779 fundamentalibus
1842 719 2225 792 assentirent,

117 814 255 874 licet
277 815 418 878 alios
452 832 656 878 omnes
684 812 955 875 articulos
987 811 1123 876 fidei
1152 813 1474 891 rejicerent.
1514 813 1751 874 Caeteris
1781 812 1944 873 enim
1965 813 2223 887 omissis,

116 909 354 971 futilitas
372 907 705 987 hujusmodi
727 908 1116 969 distinctionis
1140 929 1212 968 ex
1241 930 1313 970 eo
1335 906 1838 990 deprehenditur,-
1859 906 2019 989 quod
2035 927 2102 965 ea
2127 906 2226 968 de-

115 1003 310 1063 trahat
333 1003 543 1067 unitati
562 1025 630 1063 ac
649 1003 970 1084 integritati
986 1003 1122 1065 fidei
1141 1048 1158 1079 ,
1187 1025 1366 1086 quam
1393 1003 1654 1067 Christus
1676 1001 1947 1062 omnibus
1960 1000 2223 1063 indiscri—

113 1205 174 1255 ad
217 1206 352 1257 bene
378 1208 739 1273 cognoscendam
789 1208 1034 1257 historiam
1078 1217 1126 1257 et

112 1298 303 1339 eventus
325 1288 558 1355 religionis
568 1290 826 1339 christianae
854 1306 935 1337 seu
964 1288 1125 1339 Eccle-

113 1371 189 1418 siae
207 1406 222 1429 ,
249 1387 434 1423 necesse
463 1372 522 1418 sit
537 1373 602 1419 rei
617 1370 763 1419 basim
780 1387 951 1435 ponere
962 1371 1013 1418 in
1023 1370 1125 1419 idea

113 1450 325 1499 Ecclesiae
352 1450 614 1500 invisibilis.
630 1451 738 1500 Haec
753 1453 935 1502 assertio
952 1451 1123 1501 multos

114 1543 247 1582 nacta
283 1543 350 1581 est
377 1533 717 1599 impugnatores
741 1536 880 1583 etiam
909 1536 1029 1583 inter
1052 1553 1121 1584 re·

114 1615 353 1663 formatos.
384 1614 439 1662 In
472 1614 1088 1682 Ephemeaeide'euanqelica
1106 1655 1119 1678 ‚

112 1713 212 1760 quae
227 1695 426 1744 Berolini
438 1699 736 1762 imprimitur,
762 1705 916 1763 pastor
934 1698 1122 1748 Grund-

113 1778 230 1826 wich
248 1814 263 1839 ,
282 1781 334 1827 in
356 1777 550 1829 articulo
579 1783 656 1829 cui
684 1781 844 1830 titulus
873 1780 1119 1843 Neander,

112 1859 270 1908 scribit
299 1861 528 1927 ejusmodi
553 1861 805 1913 Ecclesiam
841 1864 1122 1913 invisibilem

112 1942 348 1991 inventam
376 1959 460 1994 seu
491 1946 793 2007 excogitatam
819 1963 916 1997 esse
954 1964 981 1994 a
1006 1947 1121 1996 Pro-

114 2024 383 2072 testantibus
396 2025 455 2073 ad
468 2026 836 2090 respondendum
854 2026 1120 2088 Catholicis,

115 2105 196 2169 qui
227 2107 291 2154 eis
321 2106 660 2175 exprobrabant
683 2126 779 2156 non
816 2111 1013 2173 amplius
1046 2128 1122 2160 eos

114 2187 164 2232 in
198 2185 401 2236 Ecclesia
425 2205 553 2249 esse,
585 2199 709 2239 extra
739 2209 878 2256 quam
910 2209 1007 2239 non
1040 2192 1122 2240 da-

114 2277 188 2314 tur
212 2268 332 2319 salus
352 2306 365 2328 ‚
400 2270 569 2335 quibus
604 2287 697 2319 non
738 2273 871 2320 aliter
906 2290 1125 2338 reponere

114 2359 365 2413 potuerunt
391 2370 531 2417 quam
556 2352 711 2402 dando
734 2355 827 2404 hoc
849 2372 1022 2405 nomen
1041 2355 1127 2405 soli

114 2431 365 2484 electorum
397 2433 640 2495 Ecclesiae,
671 2454 772 2502 quae
802 2437 930 2487 nulla
957 2438 1124 2488 distin-

113 2515 266 2576 guitur
308 2525 416 2566 nota
451 2517 670 2566 sensibili.
717 2518 890 2568 Verum
912 2555 927 2574 .
969 2520 1126 2570 subdit

120 2596 215 2658 ipse
233 2633 246 2656 ,
275 2598 313 2644 si
335 2598 548 2646 homines
578 2599 765 2647 nullum
798 2600 973 2648 habent
988 2603 1125 2668 adJu-

116 2689 323 2726 mentum
362 2679 421 2726 ad
444 2681 770 2728 secernendam
799 2699 954 2733 veram
973 2683 1125 2733 Eccle-

116 2760 249 2820 siam,
260 2760 461 2808 haecnon
472 2763 556 2808 erit
568 2762 655 2808 nisi
667 2778 751 2808 ens
759 2746 1127 2827 imaqt‘nariunt,

116 2849 252 2904 atque
279 2841 560 2906 impossibile
602 2845 772 2906 pariter
803 2846 890 2892 erit
932 2862 1126 2895 asserere

117 2937 222 2967 cum
239 2923 534 2982 certitudine,
559 2933 712 2971 utrum
725 2924 775 2974 S.
794 2924 1049 2990 Stephanus
1066 2947 1126 2976 an

124 3018 230 3048 vero
272 3004 416 3066 ipsius
451 3005 687 3054 carnifices
730 3011 1039 3071 pertinuerint
1068 3011 1127 3059 ad

119 3083 368 3132 Ecclesiam
388 3119 404 3147 ,
427 3102 481 3133 eo
499 3088 714 3152 quodnos
729 3107 804 3136 eos
825 3108 918 3137 non
939 3091 1126 3141 aliunde

117 3182 352 3215 secernere
393 3169 618 3232 possimus
666 3189 805 3236 quam
863 3190 916 3223 ex
967 3191 1126 3225 eorum

117 3248 267 3297 verbis
299 3258 345 3296 et
375 3251 635 3303 actionibus
653 3290 665 3313 ,
699 3254 747 3303 id
779 3264 877 3319 est,
908 3274 962 3306 ex
989 3257 1127 3306 rebus

117 3329 434 3380 sensibilibuS.

185 3410 249 3474 (1)
287 3410 404 3459 Cum
466 3415 844 3466 animadverteret
902 3423 1047 3484 premi
1099 3437 1125 3468 a

119 3490 369 3541 Catholicis
414 3495 679 3545 reformatos
725 3498 1028 3551 Protestantes
1066 3502 1124 3551 ab

123 3574 406 3624 ineluctabili
444 3590 742 3642 argumento,
786 3582 1027 3648 desumpto
1068 3602 1121 3633 ex

1205 1210 1501 1273 perpetuitate
1515 1207 1730 1260 Ecclesiae
1743 1224 1798 1256 ac
1810 1224 2069 1273 numquam
2083 1209 2224 1257 inter-

1206 1300 1342 1356 rupta
1387 1286 1723 1355 Episcoporum
1781 1292 2070 1342 successione
2103 1327 2118 1355 ,
2163 1290 2225 1343 ab

1205 1372 1447 1421 identitate
1459 1371 1683 1422 doctrinae
1692 1406 1705 1429 ‚
1724 1380 1810 1422 stc.
1826 1371 1939 1420 hinc
1951 1373 2225 1438 excogitavit

1205 1452 1549 1503 distinctionem
1565 1452 1866 1501 articulorum
1876 1450 2224 1516 fundamenta-

1206 1529 1328 1581 lium
1339 1542 1383 1581 et
1392 1550 1490 1582 non
1496 1531 1963 1596 fundamentalium,
1979 1549 2121 1601 quam
2132 1533 2225 1583 late

1206 1616 1495 1680 prosequitur
1519 1617 1570 1663 in
1596 1629 1732 1680 opere
1753 1650 1767 1673 ‚
1797 1614 1869 1663 Le
1889 1615 2224 1681 vraisysteme

1204 1694 1263 1743 de
1276 1693 1502 1761 l‘E'qliss,
1523 1695 1676 1758 in·8⁰‚
1711 1693 1857 1761 1686,
1881 1706 1982 1745 tum
2000 1696 2055 1745 in
2083 1714 2222 1763 opere

1216 1777 1436 1827 Unitede
1454 1778 1677 1845 ΙἘςῙίεο,
1703 1776 1854 1840 1688,
1876 1780 2045 1846 quibus
2076 1791 2224 1831 osten·

1207 1859 1315 1908 dere
1343 1862 1507 1910 nititur
1523 1861 1776 1911 Ecclesiam
1810 1872 2019 1913 constare
2043 1879 2099 1912 ex
2118 1880 2222 1912 om-

1206 1941 1345 1989 nibus
1371 1942 1669 1991 societatibus
1695 1944 1956 1991 christianis
1982 1980 1996 2003 ,
2020 1961 2121 2009 quae
2146 1962 2220 1993 re-

1209 2025 1445 2071 tinuerunt
1475 2024 1797 2088 fundamenta
1838 2024 1976 2089 fidei.
2015 2024 2050 2072 F
2053 2027 2223 2074 anatiei

1209 2108 1421 2153 omnium
1437 2107 1707 2155 saeculorum
1724 2109 1960 2172 proscripti
1987 2106 2044 2154 ab
2073 2106 2223 2156 Eccle-

1208 2190 1271 2236 sia
1309 2188 1529 2237 catholica
1570 2192 1620 2237 in
1650 2190 1860 2255 dypticos
1892 2191 2023 2237 istius
2060 2188 2223 2238 Jurieu

1207 2271 1490 2320 reseruntur.
1522 2270 1623 2336 lpse
1651 2271 1820 2336 Bayle,
1863 2281 1988 2319 tanta
2024 2273 2223 2319 ministri

1209 2355 1499 2418 protestantis
1527 2354 1833 2419 amplitudine
1853 2356 2055 2420 percitus
2075 2389 2090 2414 ‚
2115 2371 2224 2404 eum

1209 2437 1374 2487 acriter
1384 2438 1674 2503 impugnavit
1685 2438 1738 2486 in.
1747 2453 1833 2485 suo
1841 2445 2036 2487 tractatu
2049 2434 2225 2486 Ianua

1209 2517 1430 2568 coelorum
1463 2527 1667 2568 reserata
1690 2520 1877 2568 cunctis
1907 2517 2223 2582 religionibus

1209 2618 1239 2648 a
1255 2600 1426 2648 celebri
1449 2600 1705 2648 admodum
1728 2601 1829 2648 viro
1862 2599 2055 2647 domino
2072 2599 2221 2646 Petro

1209 2680 1387 2730 «lurion
1410 2719 1424 2742 ‚
1464 2685 1547 2729 cui
1605 2681 1906 2746 epigraphum
1951 2682 2168 2744 praemisit
2201 2692 2217 2724 τ

1210 2767 1365 2812 Porta
1387 2772 1558 2829 patens
1579 2771 1673 2811 esto
1699 2761 1826 2810 nulli
1857 2760 2116 2811 claudatur
2132 2760 2217 2810 Ιιο-

1209 2855 1373 2912 nesto.
1391 2845 1559 2893 Verum
1590 2844 1816 2911 ejusmodi
1838 2854 2037 2912 systema
2061 2881 2075 2905 ,
2095 2844 2224 2911 quod

1208 2927 1267 2975 ab
1306 2929 1437 2975 initio
1472 2937 1652 2975 tantum
1698 2944 1932 2975 rumorem
1969 2929 2219 2986 excitavit,

1205 3012 1300 3074 jam
1335 3008 1472 3073 plane
1501 3011 1622 3073 jacet
1643 3011 1782 3058 etiam
1806 3009 1930 3075 apud
1969 3010 2089 3073 ipsos
2117 3007 2222 3056 Pro·

1211 3100 1439 3139 testantes.
1469 3090 1607 3140 Nulla
1638 3094 1811 3157 quippe
1840 3101 1907 3139 est
1940 3100 2062 3139 secta
2081 3127 2095 3151 ,
2118 3108 2221 3156 quae

1210 3190 1306 3222 nou
1334 3174 1530 3223 fateatur
1556 3172 1636 3238 per
1679 3173 1809 3224 illam
1849 3174 2107 3224 doctrinam
2138 3190 2218 3220 su-

1208 3255 1314 3304 brui
1333 3256 1436 3305 lidei
1453 3254 1772 3306 fundamenta.
1800 3254 1911 3322 Quis
1943 3252 2085 3322 judex
2098 3256 2222 3304 erit?

1209 3337 1323 3387 Vid.
1362 3336 1512 3386 Feller
1532 3376 1544 3398 ‚
1586 3337 1725 3387 Dict.
1763 3337 1877 3387 hist.
1902 3348 1984 3386 art.
2003 3336 2215 3395 Jurieu3

1210 3420 1351 3486 Bayle
1374 3457 1387 3479 ,
1407 3423 1570 3484 pariter
1594 3424 1644 3468 in
1659 3431 1746 3469 art.
1766 3420 1805 3467 J
1806 3422 1947 3470 urieu
1967 3455 1982 3483 ‚
2008 3418 2088 3467 ubi
2112 3433 2220 3465 eum

1209 3502 1392 3550 vellicat
1420 3502 1730 3552 acerbissime.
