2554 4140
447 157 567 196 cu».
618 157 696 199 ιν.
742 161 809 198 m:
852 160 1024 200 EXlsr.
1073 162 1194 202 mv.
1243 163 1315 200 au
1358 161 1662 202 summum.
1708 161 1841 203 miv.
2059 142 2172 201 199

63 298 256 380 gloriae
300 300 603 382 cupidine,
647 325 768 362 non
807 315 977 364 sectae
1004 303 1286 383 augendae
1321 325 1524 380 causa,
1572 327 1694 366 non
1725 306 1905 365 animi
1935 308 2128 366 furore
2153 354 2169 382 ‚

62 406 131 453 ut
158 395 357 455 deistae
391 397 804 472 contendunt‚'
830 409 1110 478 martyres
1141 408 1395 456 mortem
1434 398 1712 471 obibant,
1746 422 1880 460 cum
1914 423 2034 460 non
2063 402 2174 460 nisi

58 490 297 549 infamia
329 512 424 550 eos
454 504 825 572 sequeretur,
865 492 967 551 sed
994 492 1171 550 unius
1201 492 1460 552 veritatis
1491 495 1671 571 gratia
1709 495 1885 555 sobrii
1914 496 2175 578 pruden-

62 594 263 665 tesque
293 586 632 663 sanguinem
669 584 908 643 dabant.

142 678 280 738 436.
327 681 467 738 Inst.
498 679 693 737 Plures
720 678 923 758 quovis
952 689 1217 760 tempore
1245 689 1524 760 apostatae
1554 681 1824 754 fuerunt3
1863 706 2019 764 ergo,

141 773 280 832 437.
315 775 496 854 'Resp.
558 772 778 831 Trana.
824 785 1011 832 amec.
1034 799 1060 847 ‚-
1106 796 1231 853 ney.
1279 773 1375 835 vel
1416 776 1554 833 dist.
1599 796 1757 834 cons.
1813 778 1884 835 Et
1930 780 2178 839 istorum

62 869 342 948 apostasia
368 865 665 948 propriam
693 866 882 946 arguit
906 866 1373 928 imbecillitatem
1394 914 1410 945 .,
1437 868 1774 930 divitiarum
1792 915 1808 944 ,
1839 870 2133 932 honorum
2153 919 2172 948 ,

61 962 428 1043 voluptatum
447 1004 464 1031 ,
500 971 610 1019 etc.
641 982 904 1021 amorem
924 1008 940 1038 ,
973 985 1133 1022 conc.
1150 988 1170 1031 ;
1203 965 1391 1045 arguit
1426 965 1829 1024 infirmitatem
1867 987 2178 1045 argumen-

60 1067 254 1115 torum
286 1054 614 1116 christianae
652 1057 978 1137 religioniS‚
1025 1080 1203 1140 quam
1238 1059 1659 1135 deseruerunt,
1702 1082 1830 1139 neq.
1872 1063 1994 1120 lmo
2035 1062 2181 1120 isto-

58 1171 191 1208 rum
234 1149 461 1230 ignavia
503 1162 831 1210 ceterorum
878 1152 1287 1213 fortitudinem
1320 1153 1539 1213 exaltat
1578 1165 1861 1236 tanquam
1896 1176 2040 1215 ,vere
2086 1154 2180 1213 di-

57 1244 278 1303 vinam.
318 1246 364 1303 A
396 1245 738 1304 cruciatibus
778 1247 939 1306 enim
971 1248 1129 1309 vinci
1166 1248 1420 1309 hominis
1454 1259 1577 1324 θεῖ,
1620 1250 1906 1308 cruciatus
1942 1250 2176 1310 vincere

61 1337 388 1398 Christiani.
430 1340 645 1398 Contra
685 1343 985 1423 propriam
1027 1363 1165 1402 vero
1200 1343 1611 1402 conscientiam
1650 1355 1710 1402 et
1741 1345 2179 1424 persuasionem

62 1443 236 1514 atque
276 1454 348 1492 ex
388 1434 617 1514 ignavia
655 1454 753 1493 eos
800 1435 1109 1506 cecidisse,
1158 1436 1275 1495 duo
1321 1448 1495 1513 sunt,
1546 1459 1676 1518 quae
1722 1437 2181 1499 ineluctabiliter

62 1527 375 1602 evincunt,
439 1529 502 1586 10
549 1527 705 1609 quod
752 1528 950 1611 plures
990 1532 1262 1590 resumtis
1304 1531 1524 1595 viribus
1568 1533 1709 1593 novi
1757 1555 1818 1593 se
1865 1533 2181 1593 certamini

61 1623 529 1697 committerent,
566 1634 626 1681 et
653 1623 753 1704 qui
780 1624 843 1681 in
868 1624 1058 1705 prima
1090 1647 1286 1706 pugna
1327 1626 1466 1686 victi
1500 1638 1639 1685 sunt
1660 1672 1677 1702 .,
1715 1628 1779 1685 in
1810 1627 1991 1687 altera
2021 1629 2182 1688 fuere

60 1717 346 1791 victores3
391 1719 460 1775 20
499 1718 693 1799 quod,
740 1718 837 1779 vix
871 1739 1014 1801 pace
1060 1719 1323 1780 Ecclesiae
1365 1720 1629 1796 reddita,
1680 1720 1833 1781 illico
1877 1723 2182 1781 turmatim

61 1811 211 1894 lapsi
231 1858 246 1887 .‚
288 1835 409 1872 non
438 1812 626 1871 solum
655 1812 923 1894 precibus
943 1858 960 1889 ‚
1003 1813 1110 1873 sed
1135 1826 1195 1874 et
1223 1814 1490 1895 lacrymis
1520 1827 1579 1875 et
1608 1816 1916 1895 gemitibus
1946 1819 2182 1899 Episco„

62 1929 169 1987 pos
208 1906 577 1983 obsiderent,
612 1919 680 1966 ut
713 1930 916 1990 pacem
953 1920 1013 1968 et
1045 1911 1278 1971 veniam
1316 1912 1531 1993 patrati
1564 1912 1821 1971 criminis
1861 1934 2184 1995 conseque-
2224 1943 2228 1948 ’

63 2014 271 2061 rentur
290 2048 306 2078 ,
349 2025 415 2062 ac
440 2002 761 2072 durissimis
787 2003 1032 2086 publicae
1061 2025 1126 2064 ac
1162 2004 1454 2065 diuturnae
1488 2007 1851 2088 poenitentiae
1883 1996 2181 2071 laboribus

66 2118 127 2156 se
160 2097 512 2176 subJ'icerent
537 2098 612 2157 ad
645 2098 933 2177 ejusmodi
960 2120 1164 2181 pacem
1190 2098 1575 2160 obtinendam
1604 2101 1719 2181 (1).

131 2316 201 2378 (1)
238 2315 382 2366 Cons.
398 2316 606 2366 Morinus
622 2355 635 2378 ,
658 2315 729 2366 De
746 2316 1075 2380 Poenitentia',
1164 2314 1383 2366 intulerat
1399 2318 1612 2367 Ecclesiae
1627 2334 1831 2367 romanae
1842 2355 1856 2377 ,
1877 2319 2002 2386 quod
2017 2337 2183 2385 pacem

65 2398 278 2447 Petavius
294 2436 310 2464 ,
331 2400 408 2448 De
423 2398 722 2450 Paenitentia
738 2417 753 2465 ;
772 2400 1077 2461 Mamacbius,
1161 2400 1300 2465 lapsis
1342 2403 1607 2465 poenitentia
1655 2401 1827 2450 functis
1881 2403 2151 2452 concederet
2170 2430 2188 2456 2

65 2481 148 2530 De
161 2484 282 2548 oriq.
298 2484 465 2532 christ.
490 2494 534 2533 et
565 2482 616 2532 S.
638 2483 896 2550 Cyprianus
911 2487 1080 2549 passim
1163 2490 1303 2547 atque
1337 2499 1522 2532 rursum
1548 2483 1606 2531 ad
1629 2485 2008 2535 communionem
2045 2503 2179 2535 suam

67 2566 118 2611 in
144 2567 238 2612 suis
261 2566 479 2630 epistolis.
505 2564 754 2614 Novatiani
779 2565 978 2613 schisma
994 2567 1085 2613 ori·
1167 2562 1445 2612 admitteret.

71 2647 224 2708 ginem
251 2649 373 2711 cepit
398 2664 458 2696 ex
486 2649 777 2695 accusatione
795 2683 809 2707 ,
836 2663 975 2711 quam
991 2648 1087 2710 ipse
