2554 4140
350 158 389 217 4
1019 172 1088 207 na
1131 171 1281 208 VERA
1325 172 1447 207 aaz.
1500 172 1632 211 ADV.
1683 173 1800 210 mc,

350 335 491 385 sunt
530 322 623 382 vel
663 315 888 379 homini
930 314 1240 395 singulari,
1287 337 1387 374 seu
1430 315 1819 395 singularibus
1871 317 2241 394 hominibus,
2278 322 2357 379 ita
2412 333 2476 378 ut

348 442 456 502 per
499 420 638 477 istos
691 412 868 472 ceteri
913 411 1301 485 edoceantur,
1354 411 1449 470 vel
1507 411 1779 470 omnibus
1829 413 2364 474 indiscriminatim.
2418 416 2475 474 Si

350 511 620 574 omnibus
661 528 894 589 prorsus
931 504 1270 564 hominibus
1311 507 1478 565 fieret
1525 507 1812 584 ejusmodi
1857 506 2285 584 manifestatio,
2337 522 2477 569 tunc

346 605 620 670 revelatio
645 604 943 683 yeneralz's
970 622 1034 659 ac
1061 605 1400 660 communis
1437 614 1772 676 vocaretur3
1806 604 1895 662 sin
1925 607 2063 664 vero
2091 604 2475 685 peculiaribus

346 726 379 762 a
422 705 542 761 Deo
571 698 764 759 electis
805 695 1141 755 hominibus
1162 743 1177 769 7
1201 699 1539 774 peculiaris
1578 719 1646 755 ac
1676 704 1953 777 privata.
2000 700 2300 760 Revelatio
2334 699 2432 759 illa
2458 745 2474 774 ‚

346 818 474 879 quae
508 794 676 855 alicui
722 792 1060 852 immediate
1093 813 1125 849 a
1157 793 1277 850 Deo
1324 792 1421 864 fit,
1473 791 1685 851 dicitur
1722 796 2118 862 z‘mmedz'ata;
2159 796 2206 853 si
2248 795 2357 854 ista
2403 793 2479 854 ad

344 891 489 952 alios
511 889 853 973 perveniat,
893 888 1157 945 mediata
1192 887 1550 945 nominatur.

428 987 485 1046 6.
532 989 782 1045 Rursum
818 1005 885 1043 ex
915 983 981 1040 iis
1002 1027 1017 1058 ‚
1050 1003 1180 1063 quae
1214 1004 1247 1040 a
1280 984 1398 1040 Deo
1443 983 1807 1043 manifestari
1837 997 2112 1066 possunt,
2157 985 2268 1044 alia
2308 1003 2478 1060 sunt,

344 1104 476 1166 quae
512 1081 765 1141 hominis
813 1088 1049 1159 captum
1092 1078 1335 1135 minime
1376 1077 1701 1153 excedunt,
1745 1078 1893 1152 alia,
1943 1101 2069 1161 quae
2104 1082 2343 1140 omnino
2379 1103 2479 1140 su-

346 1188 592 1260 perant,
633 1197 698 1235 ac
726 1178 1015 1254 mysteria
1052 1184 1361 1253 propterea
1399 1171 1572 1250 vulgo
1615 1172 1908 1233 dicuntur.

430 1274 492 1332 7.
538 1274 672 1330 Jam
710 1291 850 1330 vero
878 1290 947 1328 ex
979 1266 1290 1326 incredulis
1320 1266 1415 1325 alii
1449 1279 1588 1325 sunt
1610 1314 1625 1342 7
1663 1269 1760 1349 qui
1805 1268 2251 1350 possibilitatem
2280 1295 2482 1354 quam-

346 1389 574 1449 cunque
602 1365 973 1427 revelationis
995 1364 1358 1435 inficiantur3
1395 1363 1490 1421 alii
1516 1363 1711 1422 minus
1737 1364 1947 1423 saltem
1976 1368 2476 1428 accommodatam

345 1462 571 1522 homini
610 1461 929 1520 traducunt
977 1459 1398 1518 revelationem
1443 1458 1798 1534 mediatam,
1852 1482 1982 1542 quae
2024 1484 2240 1544 nempe
2285 1462 2481 1522 homi-

347 1581 495 1618 num
524 1558 847 1616 ministerio
868 1603 883 1632 ,
918 1568 984 1615 ut
1014 1556 1348 1616 notavimus
1370 1601 1386 1630 .,
1430 1555 1504 1613 ad
1534 1555 1673 1615 alios
1717 1559 2059 1638 perveniat3
2095 1558 2190 1617 alii
2227 1559 2479 1641 denique

346 1653 766 1716 revelationem
805 1649 1219 1711 tantummodo
1272 1652 1721 1731 mysteriorum,
1773 1652 1957 1713 Veluti
2004 1654 2427 1736 impossibilem
2459 1702 2474 1731 ‚

345 1749 696 1830 impugnant
717 1795 732 1822 a
770 1747 979 1829 quibus
1011 1746 1285 1806 omnibus
1314 1746 1562 1806 totidem
1591 1748 2019 1829 propositiones
2057 1751 2430 1831 opponimus,

1162 1939 1573 1992 PROPOSITIO
1614 1941 1655 1991 Ι.

694 2069 1011 2126 Possihilis
1054 2078 1138 2125 est
1176 2068 1394 2125 divina
1437 2069 1713 2125 revelatio
1757 2071 2133 2128 immediata.

429 2248 489 2308 8.
539 2244 829 2305 Possibilis
890 2245 1051 2304 enim
1100 2243 1300 2304 divina
1356 2244 1647 2304 censenda
1694 2255 1781 2303 est
1823 2244 2140 2320 revelati0‚
2191 2247 2239 2304 si
2285 2270 2477 2330 neque

346 2353 633 2424 repugnet
666 2363 737 2401 ex
772 2351 938 2422 parte
977 2342 1082 2399 Dei
1112 2338 1457 2415 revelantiS‚
1500 2360 1691 2420 neque
1723 2360 1794 2398 ex
1833 2350 1998 2421 parte
2023 2340 2276 2400 hominis
2308 2365 2477 2405 reve-

346 2437 629 2499 lationem
667 2436 1043 2518 excipientiS,
1083 2456 1275 2515 neque
1313 2457 1384 2493 ex
1420 2446 1587 2516 parte
1636 2456 1834 2494 rerum
1878 2435 2288 2498 revelatarum.
2342 2440 2476 2499 Jam

349 2550 488 2596 vero
515 2531 676 2591 nulla
703 2553 774 2590 ex
795 2528 963 2611 parte
993 2541 1299 2612 repugnat.

430 2629 487 2687 9.
534 2631 665 2687 Non
712 2629 913 2708 utique
958 2649 1029 2685 ex
1074 2637 1241 2708 parte
1294 2628 1397 2686 Dei
1426 2672 1442 2701 ‚
1490 2628 1588 2708 qui
1627 2649 1811 2708 quum
1861 2629 2089 2688 infinite
2136 2631 2367 2712 sapiens
2411 2654 2476 2691 ac

347 2737 558 2809 potens
594 2727 699 2801 sit,
746 2725 875 2784 ideo
914 2724 1133 2806 aliquas
1183 2735 1374 2806 potest
1416 2725 1690 2783 veritates
1734 2726 2146 2802 manifestare,
2197 2729 2474 2788 innume-

348 2843 559 2902 rosque
601 2820 781 2880 habet
816 2820 880 2878 in
927 2830 1208 2902 promptu
1253 2818 1455 2878 modos
1506 2841 1570 2878 ea
1612 2840 1738 2900 quae
1786 2820 1861 2879 ad
1902 2843 1961 2881 se
2013 2833 2280 2903 spectant
2306 2869 2323 2899 .,
2381 2824 2473 2886 vel

352 3025 582 3075 excultam
606 3062 620 3085 ‚
653 3026 724 3073 vel
757 3027 894 3073 etiam
913 3062 926 3084 ‚
958 3035 1009 3072 ut
1035 3025 1251 3073 nonnulli
1282 3024 1366 3073 ad·
1459 3026 1786 3073 cinianismum
1818 3044 1895 3074 seu
1913 3029 2065 3090 potius
2084 3026 2477 3076 rationalismum

350 3107 499 3169 dunt,
525 3125 550 3155 a
584 3106 683 3155 Deo
719 3109 914 3155 excitam
936 3107 994 3155 ad
1024 3109 1239 3154 veritates
1260 3122 1367 3171 cog·
1455 3107 1632 3154 redolet
1662 3125 1776 3172 opus
1814 3107 1902 3154 hoc
1935 3110 2221 3157 universum.
2254 3109 2293 3156 A
2318 3110 2475 3159 Kantii

349 3189 634 3251 noscendas;
671 3205 723 3236 ac
765 3206 845 3253 per
877 3189 967 3236 hoc
1006 3189 1304 3252 distinguitur
1337 3206 1363 3236 a
1459 3188 1749 3253 philosophia
1782 3204 1951 3252 magna
1982 3206 2034 3237 ex
2078 3199 2205 3253 parte
2250 3194 2476 3256 originem

347 3269 668 3318 naturalismo
684 3272 837 3319 stricte
861 3280 1043 3334 sumpto
1064 3286 1079 3331 3
1109 3272 1182 3317 isti
1206 3286 1367 3319 omnes
1452 3287 1585 3317 suam
1632 3272 1837 3333 agnoscit
1882 3270 2247 3319 rationalia-mus
2267 3310 2279 3332 ‚
2332 3291 2474 3339 quem

351 3369 681 3419 quemcunque
700 3387 714 3413 ‚
740 3362 792 3398 ut
806 3362 970 3400 vocant
989 3387 1002 3410 ,
1023 3360 1371 3416 supernatura·
1452 3351 1603 3415 plures
1618 3354 1667 3399 in
1684 3351 1928 3399 Germania
1946 3356 2130 3417 sequuti
2146 3365 2273 3409 sunt,
2287 3354 2322 3401 F
2324 3355 2473 3418 ichte‚

350 3431 548 3481 lismum
578 3435 807 3498 rejiciunt.
842 3433 1020 3481 Horum
1052 3433 1296 3481 elenchum
1319 3443 1363 3481 et
1452 3431 1676 3497 Koppen‚
1733 3433 2049 3482 Niethammer
2072 3473 2085 3495 ‚
2154 3435 2426 3484 Grohmann
2453 3472 2467 3496 ,

346 3515 513 3580 placita
530 3515 825 3579 exponitJul.
839 3514 954 3579 Aug.
972 3514 1090 3563 Lud.
1105 3514 1365 3580 Wegschei·
1448 3513 1611 3562 Nitzch
1633 3552 1646 3575 ‚
1671 3514 1841 3581 aliique
1867 3516 1989 3580 apud
2009 3517 2224 3565 eumdem
2243 3553 2257 3577 ‚
2275 3513 2466 3581 Proleq.

347 3595 430 3643 der
451 3632 465 3655 ,
517 3595 736 3644 Institut.
785 3595 1026 3661 tlueoloqiae
1081 3595 1366 3644 christiana?
1450 3595 1507 3643 de
1539 3596 1675 3661 reliq.
1709 3614 1812 3662 cap.
1855 3613 1872 3644 1
1899 3596 1962 3663 ‚S
1990 3614 2024 3664 9
2052 3609 2096 3648 et
2121 3615 2250 3663 seqq.

345 3673 655 3742 ἅοφηαιίοω,
689 3678 800 3729 edit.
828 3695 876 3730 vt
897 3715 911 3741 ‚
947 3677 1075 3729 Halae
1099 3676 1247 3727 1828.
1277 3677 1365 3727 So-
