2554 4140
650 139 807 177 paor.
852 137 895 175 1.
950 140 1017 174 nn
1061 137 1302 175 cusronn
1345 136 1611 178 navum.
2068 112 2187 175 213

73 282 226 340 inter
263 280 525 340 ethnicos
574 281 984 339 intemeratam
1026 287 1337 336 servarunt
1378 288 1673 358 acceptam
1717 278 2135 339 revelationem
2170 326 2186 354 7

74 376 132 433 id
173 387 473 457 acceptum
521 375 720 434 referri
759 373 936 432 debet
973 383 1100 429 tum
1155 370 1432 449 paucitati
1470 371 1879 448 articulorum,
1921 375 2019 454 qui
2065 396 2191 453 cre·-

73 470 255 528 dendi
281 470 563 551 propositi
579 479 767 541 erant,
787 478 913 524 tum
935 462 1210 545 peculiari
1234 463 1409 520 etiam
1446 464 1660 524 divinae
1681 468 1878 544 gratiae
1901 467 2188 544 subsidio,

75 586 191 645 quo
219 565 436 623 factum
465 575 551 623 est
574 574 639 620 ut
664 582 866 621 eorum
891 556 1172 616 memoria
1194 577 1431 636 prorsus
1458 579 1579 615 non
1606 558 1916 620 deleretur.
1958 563 2191 624 Adden—

79 658 217 717 dum
242 648 519 740 praeterea
548 668 637 715 est
656 699 673 728 7
700 664 895 712 actum
924 663 1066 709 tunc
1092 650 1372 730 temporis
1399 651 1642 710 minime
1665 653 1837 713 fuisse
1867 655 1940 715 de
1967 658 2192 738 integro

74 752 441 812 revelationis
470 749 695 822 codice,
733 756 910 828 prout
938 766 1097 803 nunc
1137 745 1325 823 agitur
1344 789 1360 818 7
1400 766 1576 825 quem
1603 747 1850 825 proinde
1874 771 2064 831 neque
2094 754 2192 812 in-

75 847 378 927 terpretari
397 890 414 919 7
437 864 628 924 neque
661 861 1035 921 corrumpere
1068 840 1395 921 potuissent
1413 885 1430 912 7
1457 839 1560 898 sed
1585 839 1658 899 de
1687 845 2024 903 memoriter
2047 849 2192 906 reti·-

74 939 285 999 nendis
315 938 511 1019 paucis
552 935 810 996 articulis
833 980 849 1009 7
892 946 960 993 ut
996 935 1346 996 notavimus,
1387 935 1643 993 Tantum
1684 957 1859 1016 porro
1890 937 2085 1012 abest,
2125 954 2192 1000 ut

82 1033 290 1092 exinde
324 1032 508 1113 possit
542 1029 759 1112 aliquid
795 1041 995 1090 contra
1033 1052 1140 1088 nos
1174 1030 1331 1103 erui,
1362 1041 1429 1087 ut
1468 1031 1648 1109 magis
1682 1033 2061 1091 confirmetur
2097 1057 2190 1093 as-

81 1127 335 1208 sumptio
361 1137 579 1185 nostra.
608 1126 837 1184 Etenim
857 1171 872 1200 7
914 1146 1046 1183 cum
1081 1135 1348 1204 ageretur
1382 1123 1455 1184 de
1491 1124 1589 1183 illa
1618 1125 1849 1207 partiali
1879 1128 2190 1188 revelatio-

72 1243 148 1281 ne
173 1267 189 1296 7
216 1222 360 1281 adeo
383 1234 582 1302 aperta
604 1233 662 1279 et
679 1221 831 1279 facili
848 1267 863 1295 7
888 1242 994 1302 per
1018 1219 1393 1279 traditionem
1412 1219 1487 1279 ad
1507 1230 1768 1302 posteros
1792 1224 2190 1285 transmitten-

76 1316 149 1374 da
174 1361 190 1391 7
218 1317 265 1374 si
288 1337 353 1375 ea
377 1327 612 1374 ‘tantum
629 1315 702 1375 de
718 1337 819 1374 sua
836 1315 1249 1398 perspicuitate
1274 1326 1449 1396 atque
1466 1315 1800 1393 integritate
1822 1319 2014 1376 amisit
2037 1320 2190 1379 inter

79 1422 279 1490 gentes
307 1456 323 1485 7
361 1432 482 1469 non
512 1409 685 1469 aliam
721 1409 796 1468 ob
835 1430 1067 1469 eausam
1105 1410 1216 1467 nisi
1255 1410 1389 1491 quia
1423 1409 1699 1469 carebant
1729 1431 1795 1469 ea
1839 1413 2183 1473 auctoritate

75 1526 142 1564 ae
171 1505 497 1584 magisterio
520 1549 538 1578 ‚
574 1527 681 1587 per
713 1504 871 1586 quod
897 1505 1119 1584 integra
1145 1515 1203 1564 et
1233 1504 1539 1564 incolumis
1569 1517 1900 1566 servaretur
1921 1552 1935 1580 7
1967 1519 2187 1589 quanto

73 1600 328 1680 apertius
362 1611 521 1681 patet
559 1598 815 1677 ejusdem
856 1600 1210 1658 auctoritatis
1245 1601 1581 1675 necessitaS,
1623 1599 1726 1658 ubi
1770 1601 1959 1678 agitur
1993 1602 2064 1662 de
2097 1625 2186 1663 re-

70 1694 357 1754 velatione
383 1693 673 1776 completa
700 1715 764 1753 ac
789 1694 995 1753 litteris
1020 1695 1354 1774 consignata
1375 1740 1390 1769 7
1419 1706 1486 1753 ut
1509 1694 1657 1753 nihil
1677 1694 1890 1754 addam
1918 1695 1992 1756 de
2018 1710 2184 1779 parte

70 1788 165 1848 illa
182 1835 198 1863 7
231 1810 357 1871 quae
387 1811 493 1871 per
514 1789 695 1848 solam
721 1789 1098 1848 traditionem
1118 1790 1457 1848 transmissa
1481 1789 1611 1849 est?

158 1883 252 1942 12.
303 1884 391 1942 Ad
423 1885 544 1958 2¹¹¹,
581 1887 722 1963 Ney.
755 1905 975 1962 conseq.
1019 1885 1247 1943 Etenim
1280 1883 1580 1966 prophetae
1618 1886 1778 1965 missi
1813 1886 2180 1965 potissimum

73 1988 210 2035 sunt
233 2022 248 2052 7
283 1977 357 2036 ad
389 1977 657 2037 homines
674 1978 737 2036 in
765 1978 951 2037 officio
976 1979 1358 2038 continendos
1381 2024 1397 2054 7
1429 1991 1488 2037 et
1513 1979 1587 2037 ad
1612 1991 1828 2038 sartam
1847 1991 2178 2061 tectamque

73 2071 331 2131 divinam
350 2078 476 2149 Jam
514 2072 711 2131 datam
748 2073 1170 2133 revelationem
1210 2073 1367 2155 apud
1405 2072 1534 2132 illos
1574 2074 1959 2148 servandam,
2009 2086 2067 2133 et
2104 2075 2180 2133 ad

66 2167 556 2225 manifestandam
587 2167 942 2248 peculiarem
977 2168 1231 2249 aliquam
1260 2168 1364 2226 Dei
1393 2167 1789 2241 voluntatem,
1818 2190 1938 2226 non
1980 2179 2179 2227 autem

65 2262 137 2320 ad
166 2261 429 2323 divinam
462 2263 822 2343 primitivam
859 2262 1309 2336 revelationem,
1353 2263 1427 2321 ad
1472 2262 1720 2322 salutem
1755 2264 2173 2337 necessariam,

64 2356 527 2437 proponendam.
547 2359 783 2430 Quoties
800 2379 1014 2439 nempe
1031 2380 1175 2439 opus
1192 2358 1302 2416 fuit
1318 2357 1632 2439 prophetas
1648 2360 1824 2433 mitti,
1850 2357 1924 2416 ad
1939 2360 1975 2416 J
1979 2357 2173 2416 udaeos

61 2453 383 2533 praesertim
414 2453 772 2512 revocandos
796 2452 871 2511 ad
907 2453 1045 2532 legis
1084 2452 1516 2514 observantiam
1537 2499 1552 2528 7
1584 2453 1680 2514 vel
1716 2452 1791 2513 ad
1823 2454 2174 2535 peculiarem
2228 2527 2230 2531 Α

62 2549 167 2606 Dei
201 2547 567 2607 voluntatem
603 2549 739 2629 ipsis
776 2548 1149 2630 aperiendam
1170 2594 1185 2623 7
1225 2549 1697 2629 independenter
1730 2550 1904 2607 etiam
1938 2571 1969 2606 a
1999 2570 2171 2628 syna—

59 2662 211 2721 gogae
257 2642 672 2724 approbatione
715 2643 876 2700 missi
915 2664 947 2701 a
988 2636 1107 2702 Deo
1149 2653 1287 2700 sunt
1313 2688 1328 2715 7
1367 2665 1489 2701 non
1531 2664 1670 2702 vero
1708 2643 1783 2701 ad
1815 2663 1997 2703 novos
2035 2642 2169 2701 fidei

61 2738 326 2797 articulos
373 2737 785 2819 proponendos
809 2783 824 2813 7
873 2738 976 2797 sed
1016 2740 1209 2821 potius
1256 2737 1329 2797 ad
1360 2743 1485 2817 jam
1526 2750 1787 2821 receptos
1826 2738 2003 2817 magis
2042 2759 2169 2799 ma-

61 2833 256 2915 gisque
307 2833 735 2893 confirmandos
777 2846 835 2894 et
879 2835 1231 2894 enucleatius
1288 2835 1699 2916 exponendos7
1757 2846 2166 2916 contortasque

60 2927 576 3008 interpretationes
599 2929 963 3010 privatorum
996 2928 1358 3010 corrigendas
1378 2975 1393 3003 7
1428 2930 1885 3011 quaestionesque
1905 2974 1922 3004 7
1960 2930 2008 2989 si
2035 2950 2165 3010 quae

59 3031 199 3081 ortae
234 3034 459 3100 essent,
503 3023 856 3083 dirimendas
895 3023 1017 3104 (l)7
1066 3037 1124 3084 et
1155 3024 1228 3083 ad
1267 3026 1526 3106 ipsorum
1561 3026 1785 3084 animos
1826 3023 2158 3085 excitandos

58 3269 253 3332 excipias
281 3267 529 3317 Ecclesiam
545 3269 783 3319 Judaicam
817 3287 893 3318 seu
926 3287 1060 3336 syna·
1143 3270 1248 3318 Hoc
1275 3286 1381 3318 vero
1407 3271 1551 3334 magis
1574 3268 1749 3335 patebit
1783 3286 1840 3319 ex
1869 3269 2063 3318 inferius
2084 3269 2155 3316 di-

54 3352 232 3416 gogam)
251 3352 368 3398 eirca
384 3353 635 3415 primitivas
650 3351 936 3411 traditiones»,
957 3367 1060 3417 quae
1143 3352 1316 3400 cendis.

55 3433 93 3479 si
142 3449 237 3480 non
285 3435 466 3497 penitus
497 3436 758 3498 perierunt,
806 3437 871 3483 ita
904 3445 1059 3483 tamen
1213 3430 1287 3496 (l)
1318 3431 1416 3481 Hoc
1446 3450 1616 3482 munus
1635 3449 1814 3498 semper
1844 3433 1933 3480 fuit
1956 3428 2155 3496 prophe-

51 3512 184 3562 fuere
203 3523 449 3577 corruptae,
479 3523 531 3561 ut
551 3515 724 3581 absque
758 3532 914 3564 earum
953 3534 1061 3581 pro·
1143 3525 1293 3563 tarum
1311 3551 1324 3574 ,
1362 3516 1442 3580 qui
1470 3533 1496 3562 a
1533 3514 1630 3564 Deo
1665 3514 1980 3563 excitabantur
2004 3547 2019 3574 ‚
2038 3527 2151 3558 non

53 3601 214 3660 totypo
236 3594 359 3644 nihil
386 3599 495 3645 certi
525 3598 574 3644 in
596 3599 650 3646 iis
675 3598 1058 3648 discerneremuS.
1145 3596 1294 3645 solum
1341 3597 1400 3645 ad
1439 3596 1598 3645 futura
1634 3594 1924 3645 enuncianda
1947 3630 1962 3655 ,
1992 3609 2155 3642 verum
