2554 4140
394 159 514 196 CAP.
564 158 641 198 lv.
685 160 752 195 DE
794 159 972 197 EXIST.
1019 157 1140 196 mv.
1165 159 1258 195 “AG
1300 157 1601 196 SUPERNAT.
1649 158 1776 196 REV.

2042 135 2156 195 169

137 298 273 357 387.
320 300 492 379 Resp.
522 298 669 378 Neq.
701 309 886 356 antec.
914 298 1064 355 Nam
1096 295 1293 374 religio
1317 295 1629 355 christiana
1649 301 1771 375 jam
1801 292 1973 376 longe
2005 295 2160 356 late-

55 414 167 473 que
194 414 298 474 per
324 394 667 452 universum
694 390 895 451 orbem
930 399 1242 471 propagata
1271 400 1427 464 erat,
1463 411 1528 448 ac
1549 390 1860 450 tenebatur
1893 412 1924 449 a
1954 392 2160 469 majori

56 489 251 546 forsan
280 489 601 547 incolarum
626 487 851 546 romani
874 484 1110 565 Imperii
1132 493 1298 563 parte
1317 527 1333 555 7
1361 494 1496 541 ante
1525 485 1891 544 Constantini
1918 507 2160 546 conver·

39 583 275 641 sionem
305 585 410 664 (l).
447 585 827 663 Imperatores
851 577 1147 645 christiani
1175 574 1561 635 collabentem
1594 582 1716 656 jam
1749 581 2006 662 undique
2036 581 2159 641 ido-

55 677 375 736 lolatricam
404 676 871 757 superstitionem
894 671 990 730 vel
1018 672 1253 752 proprio
1281 671 1398 729 fato
1423 673 1846 753 permiserunt,
1872 676 1967 735 vel
1994 676 2158 737 nullo

56 773 236 832 ferme
265 774 493 852 negotio
530 769 786 829 funditus
814 767 1201 826 sustulerunt.

138 869 275 928 388.
325 866 608 950 Oincitur
627 875 891 945 quarto:
936 864 1340 944 PaganismuS‚
1383 864 1942 925 Mahumetanismus
1964 910 1981 941 ,
2014 869 2160 926 Pro-

57 963 451 1021 testantismus
490 959 659 1021 brevi
695 958 864 1039 longe
901 958 1132 1040 lateque
1166 961 1467 1041 propagati
1502 971 1669 1033 sunt,
1715 981 1850 1040 ergo
1897 959 2159 1021 celeritas

122 1151 190 1213 (l)
226 1149 629 1215 Cons.Spedalieri
656 1151 706 1197 in
732 1148 936 1198 Analisi
951 1147 1064 1198 dell'

52 1250 204 1282 esame
230 1216 396 1282 critico
413 1231 467 1278 di
482 1230 532 1277 F
534 1238 655 1277 reret
672 1266 683 1287 ‚
701 1247 803 1294 cap.
824 1247 907 1290 vn,
926 1237 1013 1279 art.
1031 1230 1061 1278 3

53 1327 98 1364 et
115 1333 244 1381 seqq.
261 1315 358 1362 Etsi
373 1313 671 1361 Constantius
686 1310 936 1376 Imperator
953 1316 1062 1360 aria-

55 1416 143 1446 nus
160 1398 245 1446 sub
272 1412 405 1462 poena
435 1395 614 1460 capitali
631 1394 916 1459 prohibuerit
933 1413 1061 1444 exer-

55 1484 215 1530 citium
235 1479 498 1528 idololatriae
511 1512 528 1536 ,
551 1477 679 1524 nulla
696 1488 946 1541 supersunt
960 1480 1069 1525 mo-'

55 1571 278 1610 numenta
300 1598 313 1620 ‚
333 1578 387 1608 ex
413 1558 582 1625 quibus
603 1568 804 1618 constat,
823 1550 923 1606 illa's
939 1558 1062 1624 leges

55 1646 193 1692 fuisse
219 1644 475 1691 executioni
493 1642 728 1690 mandatas
746 1659 759 1704 3
791 1644 886 1690 imo
901 1641 951 1691 S.
968 1642 1062 1690 Au-

54 1728 260 1791 gustinus
284 1733 435 1790 aperte
463 1723 622 1772 scribit
648 1741 661 1772 :
694 1724 819 1790 Quis
848 1741 1064 1789 unquam

53 1809 258 1857 detectus
280 1824 377 1855 non
396 1808 588 1871 neqavit
602 1843 615 1865 ,
629 1806 701 1854 vel
719 1806 881 1854 saltem
897 1811 1063 1856 timore

46 1908 204 1959 poenae
232 1898 420 1938 tantum
446 1888 596 1936 scelus
625 1905 672 1936 se
701 1906 951 1953 nunquam
971 1908 1064 1956 pa-

45 1982 292 2022 traturum
322 1972 584 2037 promisit?
616 1971 716 2036 lpse
740 1970 923 2020 Gibbon
950 1973 1062 2020 fate-

55 2067 130 2104 tur
156 2057 304 2102 irritos
330 2046 517 2102 conatus
538 2053 639 2101 illos
671 2054 827 2102 fuisse.
851 2053 1065 2103 Julianus

55 2137 306 2202 Imperator
319 2134 624 2183 idololatriam
646 2140 950 2202 propugnavit
963 2151 1066 2204 post

55 2217 313 2265 Constantii
348 2216 526 2263 obitum
556 2253 569 2277 ,
622 2228 666 2266 et
710 2237 892 2267 rursum
930 2223 1063 2287 juxta

54 2299 210 2347 Freret
230 2299 385 2363 religio
403 2317 576 2363 pagana
597 2300 821 2350 dominari
838 2305 1066 2368 quodam-

55 2382 193 2429 modo
224 2383 373 2445 coepit.
398 2380 488 2428 Sed
509 2382 586 2429 hic
615 2382 707 2430 duo
736 2395 842 2432 sunt
862 2388 1066 2436 notanda

55 2463 89 2509 F
93 2474 208 2511 reret
227 2464 465 2511 mendacia
486 2480 499 2524 ;
530 2472 576 2509 1⁰
594 2466 719 2529 quod
734 2471 964 2531 negaverit
981 2468 1065 2517 Ju-

54 2547 230 2594 lianum
256 2546 536 2594 Christianos
572 2546 710 2596 fuisse
742 2562 1061 2615 persecutum3

53 2629 142 2677 hoc
159 2632 282 2678 enim
300 2630 465 2677 salsum
484 2639 568 2689 est;
586 2648 692 2677 nam
711 2630 773 2678 du
785 2632 960 2695 pliciter
976 2653 1058 2682 sae-

54 2715 133 2759 viit
145 2713 491 2771 inChristianos,
507 2712 725 2760 indirecte
742 2731 820 2779 per
832 2715 1067 2765 discordiae
1099 2745 1104 2749 ·

58 2798 177 2843 inter
190 2795 393 2844 Praelatos
410 2798 599 2854 semina,
630 2800 840 2860 quaeipse
854 2800 1026 2863 jecerat
1051 2816 1064 2859 ;

59 2877 227 2925 directe
254 2895 333 2942 per
360 2880 453 2924 vim
480 2913 493 2935 ,
528 2875 658 2924 exilia
681 2914 694 2935 ‚
731 2877 960 2927 bonorum
996 2881 1068 2927 di·

62 2959 313 3021 reptionem
331 2995 344 3017 ‚
366 2960 593 3006 cruciatus
612 2995 624 3016 ‚
645 2970 855 3008 mortem.
873 2960 925 3007 ln
944 2979 1067 3010 mar-

63 3039 285 3105 tyrologio
313 3057 504 3086 romano
533 3040 668 3103 plura
702 3052 946 3089 occurrunt
985 3061 1070 3092 no-

62 3123 188 3168 mina
208 3138 366 3168 eorum
383 3157 397 3180 ,
416 3123 496 3186 qui
510 3121 595 3168 sub
608 3121 633 3169 J
640 3122 793 3170 uliano
807 3127 924 3187 passi
943 3136 1066 3174 sunt·

61 3198 107 3249 S.
139 3201 376 3267 Gregorius
404 3194 519 3250 Nau.
554 3207 652 3269 ejus
680 3206 966 3253 crudelitates
987 3224 1069 3271 pa·

59 3285 149 3333 lam
177 3287 264 3350 ipsi
298 3284 604 3349 exprobravit.
633 3287 781 3335 Fictos
812 3306 926 3352 saepe
948 3305 1065 3354 prae-

63 3378 213 3416 textus
258 3367 487 3432 quaerebat
531 3367 689 3416 eadem
742 3374 919 3419 ratione
957 3409 970 3431 ,
1013 3389 1066 3421 ac

60 3461 211 3514 postea
247 3451 420 3498 factum
456 3460 521 3498 est
545 3451 633 3498 sub
665 3450 924 3502 Elisabetha
965 3453 1063 3503 An-

57 3532 235 3597 glorum
251 3532 443 3598 Regina,
459 3532 649 3600 aliisque
659 3536 844 3599 passim.
858 3535 1064 3586 Alterum

1147 1148 1335 1198 Juliano
1365 1149 1526 1214 religio
1561 1166 1735 1214 pagana
1775 1152 1991 1199 amissam
2023 1168 2156 1200 recu-

1146 1249 1305 1296 perare
1332 1235 1521 1296 coeperit
1546 1231 1832 1296 dignitatem.
1867 1232 2082 1282 Julianus
2105 1235 2157 1283 in

1143 1312 1332 1375 epistola
1343 1313 1400 1360 ad
1413 1312 1707 1362 Artemonem
1718 1315 2158 1379 conqueritur‚quod

1143 1407 1281 1440 nemo
1305 1394 1608 1441 inveniretur
1623 1431 1638 1455 ‚
1662 1396 1750 1458 qui
1772 1394 1928 1442 redire
1948 1394 2081 1443 vellet
2092 1395 2159 1451 ad

1150 1473 1420 1522 derelictum
1443 1477 1701 1524 numinum
1726 1476 1911 1525 cultum
1933 1514 1948 1537 ‚
1974 1497 2027 1527 ac
2051 1496 2156 1526 rur-

1143 1572 1245 1602 sum
1256 1592 1273 1618 ,
1298 1557 1501 1605 scribens
1519 1557 1578 1605 ad
1595 1557 1844 1607 Libanium
1861 1560 2112 1625 sophistam
2138 1598 2154 1621 ,

1143 1642 1437 1705 conqueritur
1459 1677 1473 1699 ‚
1505 1640 1630 1706 quod
1660 1659 1887 1691 sermones
1920 1643 2065 1694 habiti
2097 1646 2157 1696 ad

1143 1721 1318 1768 incolas
1351 1721 1499 1769 Bereae
1520 1758 1533 1781 ,
1573 1732 1626 1770 ut
1653 1725 1773 1787 ipsos
1801 1725 2074 1775 inducerent
2097 1728 2156 1776 ad

1144 1803 1297 1852 denuo
1326 1804 1693 1869 amplectendam
1723 1805 1993 1872 religionem
2014 1816 2155 1877 majo·

1144 1904 1248 1935 rum
1270 1923 1284 1945 ‚
1316 1887 1468 1936 nullos
1501 1892 1756 1959 pepererint
1792 1890 1987 1941 fructuS.
2021 1892 2154 1958 Quod

1145 1970 1182 2015 si
1211 1969 1424 2016 nonnulli
1459 1986 1640 2027 rursum
1677 1970 1735 2017 ad
1762 1970 2067 2022 idololatriam
2083 1992 2155 2023 re-

1146 2051 1327 2098 dierunt
1349 2086 1362 2108 ‚
1388 2060 1439 2097 ut
1452 2050 1653 2098 referunt
1667 2049 1751 2099 SS.
1778 2050 2015 2116 Gregorius
2035 2091 2049 2113 ‚
2068 2054 2156 2102 Ba-

1146 2133 1274 2181 silius
1294 2170 1308 2192 ,
1328 2143 1440 2191 etc.‚
1473 2135 1506 2180 ii
1536 2135 1622 2198 ipsi
1652 2134 1839 2182 fuerunt
1858 2170 1872 2196 ‚
1905 2138 1985 2202 qui
2009 2137 2156 2186 chris-

1146 2219 1315 2264 tianam
1366 2216 1632 2281 religionem
1677 2218 1864 2282 professi
1904 2228 2035 2267 erant
2069 2220 2155 2268 sub

1147 2300 1450 2348 Constantino
1470 2335 1485 2357 ,
1517 2300 1723 2346 arianam
1738 2299 1824 2347 sub
1851 2298 2121 2348 Constantio
2140 2338 2154 2361 ‚

1145 2392 1190 2429 et.
1216 2398 1438 2445 paganam
1460 2380 1546 2428 suh
1565 2379 1592 2428 J
1598 2380 1750 2429 uliano
1768 2418 1782 2441 ,
1804 2381 1965 2430 eadem
1981 2384 2156 2432 ratione

1146 2481 1200 2511 ac
1225 2465 1273 2510 in
1307 2461 1471 2528 Anglia
1499 2462 1723 2511 Kranmer
1756 2473 1802 2512 et
1827 2463 2015 2524 Paulet‚
2051 2465 2153 2514 Cae-

1147 2546 1278 2593 cilius
1292 2546 1487 2611 aliisque
1503 2545 1690 2594 fuerunt
1701 2550 1812 2594 semi
1825 2535 2056 2596 vCatholici
2068 2548 2155 2596 sub

1150 2625 1347 2674 Henrico
1371 2643 1454 2673 v111
1475 2664 1488 2687 ‚
1523 2625 1828 2676 Protestantes
1857 2628 1944 2675 sub
1973 2627 2152 2676 Eduar-

1148 2707 1207 2757 do
1249 2725 1293 2754 vi
1317 2745 1330 2767 ‚
1363 2706 1588 2755 Catholici
1627 2708 1712 2755 sub
1744 2709 1888 2756 Maria
1910 2745 1925 2766 ,
1954 2709 2156 2774 denique

1148 2807 1329 2838 rursum
1361 2788 1663 2837 Protestantes
1699 2800 1743 2838 et
1771 2789 2028 2838 Calvinistae
2067 2790 2155 2838 sub

1149 2872 1430 2920 Elisabetha.
1457 2871 1617 2919 Paulet
1629 2870 1716 2919 sub
1735 2873 1941 2937 quinque
1957 2871 2155 2938 Regibus

1149 2967 1311 3022 quater
1331 2957 1524 3003 mutavit
1537 2955 1827 3018 religionem.
1844 2953 2057 3003 Ceterum
2071 2954 2155 3003 Jo-

1153 3042 1366 3087 vinianus
1382 3053 1608 3085 successor
1627 3035 1655 3083 J
1661 3035 1800 3083 uliani
1823 3052 2020 3100 paganos
2049 3053 2151 3101 per-

1150 3131 1330 3169 secutus
1347 3137 1441 3166 non
1454 3129 1519 3167 est
1537 3153 1553 3179 ‚
1574 3117 1926 3171 Valentianinus
1954 3134 2029 3165 eos
2047 3135 2154 3182 pro·

1153 3207 1295 3262 texit,
1325 3203 1493 3251 Valens
1519 3205 1721 3267 pepercit
1751 3202 1946 3250 ethnicis
1964 3237 1977 3261 ‚
2016 3202 2155 3248 saeviit

1146 3291 1196 3336 in
1227 3287 1504 3336 Catholicos.
1527 3284 1625 3333 Sub
1639 3284 1896 3334 Theodosio
1921 3320 1934 3344 ‚
1958 3282 2153 3332 Arcadio

1146 3381 1191 3419 et
1206 3371 1411 3418 Honorio
1424 3371 1496 3418 vix
1510 3368 1714 3433 reliquiae
1727 3368 1921 3415 inveniri
1944 3371 2155 3432 poterant

1146 3452 1404 3518 Paganismi
1418 3454 1468 3498 in
1484 3461 1576 3498 toto
1591 3448 1788 3514 Imperio
1805 3465 2016 3498 romano.
2034 3448 2151 3496 Nam

1148 3555 1173 3584 a
1203 3535 1370 3585 saeculo
1402 3552 1427 3581 v
1456 3533 1640 3583 labente
1664 3536 1760 3600 jam
1789 3535 1865 3582 vix
1894 3533 1948 3581 fit
1979 3533 2151 3581 mentio

58 3614 349 3665 mendacium
370 3616 405 3664 F
408 3626 523 3665 reret
549 3626 638 3676 est,
661 3618 786 3683 quod
800 3619 955 3668 denuo
973 3621 1058 3668 sub
1141 3618 1198 3667 de
1222 3618 1427 3683 paganis.
