2554 4140
355 55 476 114 214
995 73 1062 110 ΒΕ
1106 72 1259 111 VERA
1302 74 1425 110 am„
1471 73 1605 111 Anv.
1652 74 1850 112 Herna.

355 219 420 278 in
454 239 620 300 spem
660 215 927 323 proxime
955 213 1137 274 futuri
1173 213 1500 275 liberatoris
1536 213 1846 276 adventus
1880 215 2154 274 Ceterum
2185 226 2245 286 et
2274 237 2345 276 ex
2362 217 2487 296 jugi

358 311 784 396 prophetarum
810 310 1124 384 missione,
1153 310 1227 370 ad
1261 311 1662 391 integritatem
1689 331 1754 369 ac
1783 310 2102 392 puritatem
2130 309 2293 373 factae
2320 332 2493 373 reve-

355 397 589 467 lationis
619 406 1122 477 conservandam,
1164 428 1401 464 rursum
1436 405 1726 486 colligitur
1767 404 2079 464 necessitas
2105 403 2260 464 illius
2295 418 2491 467 aucto·

355 502 581 578 ritatiS,
633 523 814 584 quam
857 500 1234 568 adstruimus,
1288 503 1514 583 Scripta
1566 522 1705 562 vero
1747 500 2175 583 prophetarum
2222 500 2496 562 simulac

358 597 810 673 emittebantur,
835 619 1120 678 synagoga
1144 619 1243 657 seu
1268 597 1608 678 synedrium
1623 598 1763 657 eain
1778 595 2111 680 reipublicae
2137 595 2490 657 tabularium

355 694 679 769 inferebat,
720 706 785 754 ut
817 695 1168 754 intemerata
1205 692 1289 752 ibi
1319 706 1699 753 servarentur
1740 694 1855 774 (l).
1911 694 2058 752 Cum
2090 692 2180 752 his
2219 693 2497 774 praesidiis

362 790 659 851 destitutae
696 790 918 849 fuerint
953 799 1155 869 gentes
1201 798 1425 848 caeterae
1452 834 1470 862 ,
1521 789 1629 848 hoc
1670 790 1799 871 ipso
1836 789 2163 848 amiserunt
2203 787 2299 849 vel
2342 787 2499 849 foede

361 896 751 968 corruperunt
773 883 1062 945 revelatas
1093 882 1367 944 veritates
1389 927 1405 957 ,
1434 883 1570 944 licet
1602 906 1807 944 omnes
1834 907 1866 944 a
1899 887 2021 944 Noe
2056 887 2299 965 ejusque
2323 884 2456 944 filiis
2480 929 2496 958 ,

364 1003 436 1042 ex
452 980 663 1064 quibus
678 980 964 1059 originem
982 976 1319 1051 trahebant,
1339 999 1433 1037 eas
1450 980 1778 1060 acceperint
1797 1005 1813 1052 ς
1841 1002 1914 1040 ex
1931 1001 2047 1061 quo
2068 982 2247 1059 magis
2266 1000 2499 1061 semper

362 1079 662 1159 magisque
698 1074 965 1134 absoluta
996 1072 1310 1133 necessitas
1341 1073 1566 1132 eruitur
1593 1075 1895 1152 cujusdam
1922 1075 2177 1135 custodis
2214 1097 2278 1134 ac
2315 1076 2503 1135 inter-

360 1175 542 1258 pretis
574 1172 795 1232 divinae
819 1168 1215 1232 revelationis,

450 1268 546 1328 13.
605 1270 750 1326 Inst.
790 1264 1066 1326 secundo,
1120 1265 1388 1347 Exceptis
1428 1264 1986 1348 protoparentibuS,
2032 1267 2133 1348 qui
2166 1266 2506 1328 immediate

366 1364 733 1448 primitivam
771 1362 935 1421 illam
982 1360 1405 1422 revelationem
1453 1383 1482 1419 a
1518 1363 1641 1421 Deo
1677 1362 1807 1443 ipso
1843 1371 2226 1443 acceperant,
2290 1361 2505 1444 reliqui

367 1461 605 1519 nonnisi
634 1481 740 1542 per
763 1458 893 1518 illos
913 1479 1042 1517 eam
1066 1469 1484 1538 cognoverant,
1500 1461 1627 1536 jam
1651 1479 1791 1517 vero
1809 1468 2258 1541 protoparentes
2274 1479 2504 1517 eorum-

370 1578 483 1639 que
501 1557 719 1638 posteri
738 1555 1145 1616 auctoritatem
1169 1553 1331 1612 illam
1356 1552 1654 1636 publicam
1671 1566 1847 1636 atque
1869 1552 2239 1614 infallibilem
2265 1554 2507 1614 minime

368 1654 840 1726 constituebant,
873 1674 1028 1733 ergo·

455 1749 551 1808 14.
602 1751 778 1831 Resp.
821 1750 978 1808 Dist.
1011 1754 1164 1807 min.
1206 1751 1291 1806 lta
1333 1758 1535 1808 tamen
1558 1793 1575 1823 ,
1602 1759 1670 1806 ut
1698 1749 1854 1806 Deus
1878 1747 2339 1807 extraordinaria
2371 1768 2508 1828 pro-

368 1846 630 1907 videntia
655 1892 671 1921 ,
708 1858 776 1904 ut
801 1845 1021 1905 dictum
1049 1858 1169 1923 est,
1198 1845 1355 1905 illius
1385 1846 1708 1927 integritati
1732 1858 1907 1928 atque
1935 1845 2323 1907 incolumitati
2351 1865 2511 1926 pros-

367 1945 632 2025 pexerit,
684 1964 870 2010 conc.,·
915 1964 1078 2003 secus
1099 1988 1115 2017 ,
1161 1964 1294 2023 ⁹2⁶9·
1349 1944 1500 2004 Nam
1549 1953 1999 2025 protoparentes
2052 1953 2112 2002 et
2159 1938 2508 2001 Patriarchae

371 2040 617 2121 aliique,
660 2039 871 2120 quibus
903 2041 1058 2098 Deus
1093 2060 1153 2098 se
1195 2039 1592 2098 manifestavit
1625 2059 1690 2097 ac
1720 2039 2036 2098 recensitos
2066 2035 2335 2096 articulos
2373 2056 2508 2094 cre-

370 2134 594 2193 dendos
628 2135 967 2216 proposuit,
1005 2155 1134 2210 eOS,
1181 2146 1247 2192 ut
1284 2145 1482 2215 patet,
1523 2133 1637 2193 fide
1677 2134 1876 2194 divina
1907 2132 2226 2206 tenebant,
2270 2131 2509 2211 reliquis

374 2241 572 2289 autem
616 2229 966 2290 certitudine
1006 2229 1214 2289 morali
1244 2251 1475 2289 summa
1512 2228 1819 2291 constabat
1851 2228 1924 2290 de
1966 2229 2128 2288 factis
2175 2227 2289 2286 illis
2312 2272 2327 2298 ,
2371 2226 2511 2284 hinc

370 2325 483 2407 ipsi
520 2324 757 2386 eosdem
788 2326 1059 2384 articulos
1102 2325 1310 2385 eadem
1344 2325 1458 2385 fide
1497 2324 1842 2385 credebant.
1897 2327 2051 2384 Deus
2087 2325 2312 2383 interea
2349 2345 2510 2380 nun-

373 2443 552 2503 quam
578 2421 805 2483 destitit
818 2421 1278 2482 extraordinaria
1296 2444 1399 2481 sua
1418 2421 1793 2503 providentia
1814 2466 1832 2495 ,
1857 2432 2034 2502 prout
2052 2420 2332 2502 temporis
2357 2418 2511 2477 illius

374 2516 618 2576 infantia
639 2516 911 2597 exigebat
930 2563 945 2591 ,
976 2517 1050 2575 ab
1076 2517 1144 2575 iis
1173 2518 1237 2575 in
1273 2518 1618 2577 memoriam
1645 2516 1990 2579 revocandis
2007 2561 2024 2592 ,
2046 2528 2113 2576 ut
2137 2538 2342 2577 eorum
2367 2513 2512 2573 fides

379 2613 509 2674 viva
542 2624 875 2676 servaretur
926 2635 1107 2696 usque
1146 2613 1218 2673 ad
1255 2613 1688 2696 plenitudinem
1735 2614 2052 2695 temporiS,
2094 2613 2157 2672 in
2201 2633 2315 2694 qua
2357 2611 2511 2672 misit

380 2836 518 2882 etiam
565 2834 623 2882 ad
663 2835 920 2901 arguendos
959 2834 1145 2883 Judaeos
1197 2835 1258 2884 ob
1295 2836 1406 2901 legis
1491 2835 1627 2901 Quod
1656 2838 1693 2884 si
1720 2835 1948 2883 nonnulla
1973 2834 2115 2882 dubia
2142 2870 2156 2894 ,
2183 2832 2257 2882 vel
2294 2833 2511 2899 quaestio-

382 2919 788 2981 transgressionem
811 2955 825 2976 ,
876 2918 936 2966 ad
969 2916 1218 2967 evertenda
1252 2921 1407 2968 inania
1490 2937 1571 2967 nes
1606 2926 1771 2968 exortae
1801 2927 1953 2968 essent
1973 2955 1987 2978 ,
2010 2933 2085 2967 eas
2103 2916 2336 2982 prophetae
2365 2915 2514 2963 dixin·-

381 2999 688 3064 quorumdam
733 3011 995 3049 commenta
1016 3037 1033 3062 ,
1066 3018 1276 3067 saepeque
1300 3018 1404 3066 per-
1491 3001 1713 3062 mebant(
1738 3019 1756 3050 1
1781 3001 1938 3049 Mach.
1961 3018 2028 3063 lv,
2048 2997 2146 3062 463
2177 3016 2223 3048 lv
2241 2998 2358 3063 Reg.
2375 3008 2478 3045 xxii
2495 3033 2511 3058 ,

381 3095 512 3129 versa
555 3080 612 3129 ad
654 3081 967 3147 effugiendam
1010 3085 1122 3148 legis
1151 3084 1403 3133 observan-
1498 3084 1557 3150 14
1586 3095 1629 3133 et
1666 3084 1777 3132 alibi
1806 3085 2036 3148 passim).

380 3163 492 3208 tiam
509 3197 524 3225 ‚
553 3173 691 3227 atque
717 3165 773 3211 ad
790 3164 954 3212 falsam
976 3182 1104 3230 spem
1131 3169 1402 3231 concipien-
1554 3166 1627 3229 (l)
1665 3166 1774 3213 Vid.
1797 3163 2018 3213 Histoire
2031 3166 2236 3229 critique
2252 3163 2320 3210 du
2348 3160 2404 3209 V
2402 3161 2514 3209 ieusc

382 3243 491 3292 dam
535 3247 688 3293 nescio
730 3250 864 3313 cujus
894 3250 1203 3297 immunitatis
1236 3267 1262 3297 a
1292 3266 1399 3314 pro·
1494 3247 1546 3296 T
1542 3253 1773 3296 estament
1784 3282 1801 3308 ,
1834 3264 1915 3310 par
1933 3247 1976 3295 le
1997 3246 2053 3294 P.
2082 3245 2286 3293 Richard
2313 3244 2504 3302 Simon,

380 3327 558 3374 meritis
575 3329 720 3391 poenis
733 3328 793 3375 ob
818 3331 1025 3393 ipsorum
1052 3331 1237 3396 flagitia.
1259 3331 1398 3381 Plena
1484 3330 1756 3378 Rotterdam
1783 3326 1908 3376 1685
1933 3366 1946 3389 ,
1966 3339 2084 3377 tom.
2111 3345 2127 3376 ι
2147 3365 2161 3388 ,
2180 3327 2262 3376 liv.
2290 3344 2331 3385 1,
2355 3325 2433 3373 ch.
2458 3322 2508 3385 4.

380 3417 490 3457 suut
520 3409 843 3474 prophetarum
881 3413 1119 3462 volumina
1164 3415 1394 3480 ejusmodi
1480 3412 1569 3478 Qui
1614 3422 1770 3462 tamen
1811 3411 1943 3476 plura
1975 3411 2150 3473 habet,
2190 3427 2291 3476 quae
2321 3406 2508 3473 probari

381 3491 565 3540 acribus
578 3492 1250 3559 objargationibus,praesertim
1266 3498 1391 3561 apud
1475 3496 1739 3545 nullatenus
1767 3507 1960 3561 possunt
1985 3514 2011 3546 a
2038 3511 2150 3545 sano
2170 3492 2417 3543 catholico.

380 3571 550 3622 Isaiam
571 3612 584 3634 ,
623 3573 868 3623 Jeremiam
887 3612 901 3636 ,
939 3575 1228 3626 Ezechielem
1250 3617 1262 3639 ,
1308 3590 1396 3628 etc.
