2554 4140
2124 124 2242 186 375

136 300 394 360 VERSlO
423 301 562 359 LAT
564 302 642 358 IN
649 301 703 359 A‘
719 300 1076 359 LOCORUM
1121 298 1291 370 QUAE
1322 299 1419 357 Ex
1446 297 1977 358 SCRIPTORIBUS
2006 298 2241 358 ITALIS

616 409 696 467 IN
738 406 889 466 HOC
933 402 1311 467 VOLUMINE
1354 405 1749 466 CITANTUR.

186 627 288 679 Pag.
308 626 409 676 155,
429 625 520 666 not.
536 626 579 676 1,
601 636 650 666 ex
669 623 733 666 cl.
764 622 964 666 Manzoni
990 630 1141 676 opere,
1166 618 1237 660 cui
1262 618 1450 662 titulus:
1477 624 1542 664 De
1558 620 1781 666 Doctrina
1807 592 1975 668 morali
2001 621 2239 669 catholica.

181 762 345 802 Iterum
371 759 506 813 igitur
528 759 574 801 in
614 757 868 803 memoriam
910 753 1209 797 revocabimus
1246 752 1414 797 axioma
1450 752 1585 804 illud,
1610 756 1721 797 nulli
1750 769 1905 812 nempe
1939 757 2142 801 doctrinae
2174 758 2248 802 ad·

125 827 399 869 scribendum
419 838 511 870 esse
534 826 618 869 nisi
639 823 685 868 id
707 822 824 879 quod
849 821 1042 875 legitime
1061 834 1110 863 ex
1130 821 1353 876 principiis
1383 821 1477 879 ejus
1507 819 1759 875 deducitur,
1787 837 2009 881 nunquam
2036 838 2138 870 vero
2166 839 2246 879 63,

128 907 222 948 quae
242 894 437 936 homines
455 893 588 935 animi
602 889 880 946 passionibus
905 890 1076 942 abrepti
1095 901 1143 931 ex
1170 889 1267 944 ipsa
1284 888 1495 933 deducere
1515 891 1725 943 possunt;
1748 891 1864 944 quod
1879 892 2056 948 quidem
2079 894 2248 939 axioma

127 961 164 1001 si
203 961 404 1014 religioni
440 959 736 1014 applicemus,
777 957 894 999 illico
934 957 1102 1010 patebit
1135 968 1232 999 eam
1271 957 1352 998 hac
1383 956 1516 999 etiam
1552 957 1598 999 111
1629 969 1674 1000 re
1703 958 1820 999 omni
1849 958 2046 1005 humanae
2073 962 2248 1007 theorIae

127 1028 385 1071 antecellere
405 1028 521 1069 notis
539 1025 630 1067 illis
659 1025 743 1067 sibi
765 1024 952 1078 propriis
973 1036 1051 1067 nec
1079 1037 1274 1079 unquam
1298 1023 1544 1076 imitandis,
1575 1024 1736 1079 quibus
1759 1025 2023 1071 illustratur.
2051 1029 2250 1073 Excludit

125 1097 239 1138 enim
255 1106 425 1138 omnem
454 1093 808 1147 consequentiam
831 1092 1083 1135 damnosam
1099 1105 1178 1147 per
1202 1094 1511 1137 auctoritatem
1531 1093 1652 1135 illam
1668 1093 1808 1150 ipsam
1830 1106 1917 1148 qua
1937 1096 2151 1150 principia
2171 1109 2251 1141 sua

124 1164 369 1213 consecrat;
393 1161 509 1215 quod
535 1160 708 1215 quidem
731 1160 826 1214 ipsa
850 1161 943 1203 sola
963 1163 1169 1215 praestare
1190 1164 1348 1215 potest.
1377 1161 1421 1204 Si
1443 1161 1671 1204 ratiocinia
1699 1174 1748 1204 ex
1767 1162 2007 1206 ratiociniis
2035 1163 2256 1209 deducens

122 1228 178 1273 ad
197 1229 440 1287 quidquam
466 1228 619 1284 injusti
646 1227 987 1288 concludendum
1009 1223 1256 1282 deveneris,
1287 1232 1329 1272 te
1362 1229 1475 1271 male
1502 1229 1812 1272 ratiocinatum
1831 1241 1924 1272 esse
1954 1243 2007 1274 ne
2040 1231 2214 1275 dubites
2235 1245 2247 1284 ;

122 1300 200 1352 qui
216 1299 409 1340 sincerus
438 1300 527 1348 est,
555 1297 623 1340 vel
654 1297 750 1352 ipsa
785 1297 993 1352 religione
1027 1298 1079 1340 de
1109 1310 1188 1340 suo
1218 1310 1363 1341 errore
1391 1300 1619 1349 monetur,
1651 1298 1756 1352 quia
1787 1298 1850 1340 ibi
1883 1311 2053 1354 semper
2090 1300 2252 1345 adsunt

121 1366 360 1420 prohibitio
389 1365 459 1407 vel
491 1365 644 1416 minae,
671 1365 749 1408 ubi
773 1366 937 1409 malum
958 1366 1263 1421 quodcumque
1292 1367 1561 1424 apparuerit.
1590 1367 1743 1421 Inique
1770 1366 1907 1420 igitur
1925 1367 2147 1423 quispiam
2174 1381 2247 1413 ve·-

123 1433 333 1475 ritatibus
366 1432 567 1476 revelat1s
595 1432 812 1474 attribuet
848 1436 1003 1475 mutua
1029 1433 1257 1477 hominum
1285 1434 1385 1477 odia
1421 1434 1490 1477 vel
1520 1433 1675 1486 caedeS,
1710 1446 1808 1478 cum
1842 1435 1987 1489 potius
2019 1435 2250 1481 dicendum

123 1502 180 1543 sit
210 1515 220 1543 :
261 1500 377 1543 Adeo
408 1501 619 1555 proclives
660 1501 942 1544 inveniuntur
975 1501 1174 1544 homines
1214 1501 1269 1544 ad
1306 1515 1352 1546 se
1382 1503 1569 1546 invicem
1590 1502 1689 1545 odio
1717 1501 1940 1545 habendos
1972 1504 2143 1560 sibique
2176 1519 2251 1549 110-

122 1569 304 1613 cendum
321 1600 332 1619 ,
362 1572 412 1610 ut
431 1581 458 1611 a
477 1569 682 1623 religione
711 1570 824 1624 ipsa,
848 1582 942 1624 quae
957 1572 1183 1624 tamquam
1202 1570 1343 1625 1636111
1358 1602 1371 1623 ,
1391 1571 1514 1615 1111113
1533 1570 1780 1625 exceptione
1798 1570 2086 1615 enervandam
2100 1603 2115 1626 ,
2145 1586 2251 1631 11131-

123 1641 296 1694 ceptum
322 1638 466 1680 mutui
488 1638 649 1680 amoris
666 1639 774 1693 ipsis
792 1639 1008 1691 inculcat,
1033 1643 1287 1693 praetextum
1315 1640 1630 1683 discordiarum
1647 1640 1985 1696 desumpserint.

175 1706 342 1760 Religio
376 1705 587 1748 catholica
610 1718 835 1761 nunquam
863 1706 947 1748 suit
976 1707 1043 1749 vel
1074 1719 1168 1750 esse
1195 1709 1340 1762 potuit
1361 1708 1675 1751 discordiarum
1704 1721 1833 1752 causa
1856 1708 2021 1753 directa
2040 1712 2085 1752 et
2117 1712 2250 1754 natu-

121 1774 245 1825 ralis;
284 1777 331 1816 at
371 1773 480 1815 nihil
512 1772 691 1815 furiosis
724 1787 809 1816 non
841 1775 980 1817 telum
1018 1779 1132 1817 est...
1166 1776 1396 1819 Discordiae
1441 1780 1587 1819 autem
1618 1788 1844 1832 nunquam
1879 1780 2133 1820 exarserunt
2177 1779 2249 1821 in-

119 1845 186 1884 ter
202 1842 399 1884 homines
419 1841 587 1896 pridem
603 1842 834 1885 concordes
849 1846 892 1885 et
912 1844 1156 1895 1111311111165,
1176 1844 1311 1886 sedin
1329 1845 1384 1886 115
1401 1857 1546 1887 16111111
1564 1847 1608 1886 et
1626 1848 1876 1899 temporum
1892 1846 2247 1899 circumstantiis,

118 1910 164 1951 111
196 1909 384 1965 quibus,
406 1909 715 1952 ferocientibus
742 1911 926 1962 animis,
947 1912 1092 1954 omnia
1119 1912 1394 1966 passionibus
1422 1915 1468 1955 et
1497 1913 1738 1956 inimicitiis
1756 1912 2014 1966 flagrabant.
2043 1914 2245 1964 Quando·

119 1990 303 2032 cumque
323 1977 457 2031 igitur
472 1976 689 2031 quoddam
706 1978 912 2021 salutaris
928 1981 970 2021 et
986 1979 1162 2033 benigni
1180 1980 1403 2034 religionis
1421 1980 1609 2022 influxus
1618 1980 1862 2035 exemplum
1877 1984 2028 2024 narrat
2043 1982 2244 2034 historia,

119 2057 244 2087 nemo
264 2058 350 2088 non
369 2048 570 2099 agnoscet
598 2057 771 2087 causam
803 2047 1001 2101 aliquam
1017 2079 1029 2098 ,
1045 2060 1138 2102 quae
1162 2049 1406 2090 naturalem
1433 2060 1560 2091 suum
1575 2047 1775 2103 producit
1791 2048 2007 2092 effectum.
2026 2052 2146 2093 Intra
2161 2051 2248 2093 alia

120 2113 292 2156 citanda
307 2114 494 2155 occurrit
507 2114 583 2155 illa
599 2145 612 2164 ,
628 2126 759 2168 quam
778 2118 953 2167 vocant,
971 2119 1146 2171 Treuqa
1160 2116 1264 2167 Dei,
1282 2129 1375 2172 quae
1387 2148 1399 2166 ,
1415 2119 1640 2171 tamquam
1655 2117 1942 2160 humanitatis
1956 2121 1999 2161 et
2014 2118 2248 2161 concordiae

120 2193 226 2232 vox,
258 2181 372 2223 inter
405 2182 731 2235 provocantium
761 2185 804 2224 et
822 2182 1138 2226 vindicantium
1163 2184 1378 2227 clamores
1395 2183 1682 2236 audiebatur,
1703 2197 1783 2228 vox
1802 2184 1978 2240 quidem
2007 2186 2246 2240 Evangelii,

124 2250 437 2303 Episcoporum
467 2253 511 2291 et
545 2249 822 2293 sacerdotum
854 2263 927 2293 ore
954 2252 1138 2306 prolata.
1175 2252 1218 2294 Si
1252 2252 1436 2294 velimus
1459 2253 1594 2306 igitur
1623 2253 1855 2307 explicare,
1888 2254 1964 2308 qui
1984 2253 2061 2296 fiat
2087 2257 2137 2299 ut
2164 2255 2247 2297 sub

122 2317 344 2370 religionis
386 2320 595 2372 praetextu
628 2319 878 2361 vexationes
905 2323 1210 2372 exerceantur,
1238 2333 1448 2376 ponamus
1475 2333 1648 2364 necesse
1683 2324 1751 2363 est
1782 2322 1982 2364 homines
2012 2322 2081 2373 vel
2120 2323 2248 2376 igno-

122 2387 263 2427 rantia
291 2386 359 2428 vel
388 2387 502 2428 mala
540 2386 623 2428 fide
667 2387 936 2439 obcoecatos,
972 2380 1251 2431 exacerbatos
1286 2389 1474 2440 animos,
1506 2393 1799 2444 praeconcepta
1834 2390 1959 2442 odia,
1992 2391 2175 2433 consilia
2202 2394 2247 2434 et

118 2455 391 2508 propositum
419 2455 609 2505 occulta,
627 2456 870 2509 passionem
887 2456 994 2509 adeo
1014 2457 1316 2501 vehementem
1333 2490 1345 2509 ,
1361 2461 1412 2498 ut
1439 2457 1690 2500 intellectus
1716 2458 1897 2501 vitiatus
1915 2459 2005 2513 jam
2022 2459 2248 2515 aquiescat

117 2521 198 2572 iis,
247 2536 339 2576 quae
379 2523 472 2576 lege
509 2523 731 2577 religionis
771 2525 1118 2578 proscribuntur.
1156 2528 1198 2568 S.
1244 2525 1501 2567 Ambrosius
1542 2525 1741 2579 frangere
1783 2538 1886 2568 vasa
1935 2538 2055 2568 sacra
2108 2539 2246 2582 eaque

117 2589 302 2632 vendere
335 2603 421 2634 non
449 2591 626 2633 dubitat
646 2622 658 2642 ,
690 2591 746 2632 ad
779 2592 1055 2634 redimendos
1084 2605 1230 2635 servos
1259 2593 1484 2648 Illyricos,
1514 2593 1746 2649 plerosque
1779 2595 1985 2646 Α1131105;
2004 2597 2246 2649 Augustam

120 2658 395 2701 Trevirorum
441 2672 487 2700 se
533 2658 698 2701 confert
730 2661 771 2701 S.
815 2660 1027 2702 Martinus
1063 2660 1328 2702 Turonensis
1366 2664 1415 2701 ut
1446 2673 1524 2715 pro
1566 2662 1910 2704 priscillianistis
1952 2661 2068 2716 apud
2100 2666 2245 2719 Impe-

124 2727 313 2767 ratorem
347 2726 612 2778 intercedat,
649 2729 692 2768 et
725 2730 949 2782 tamquam
987 2728 1377 2770 excommunicatos
1419 2728 1553 2771 habet
1590 2730 1774 2772 ltacium
1813 2733 2075 2786 caeterosque
2115 2731 2245 2786 Epis-

122 2804 272 2847 copos,
301 2795 376 2848 qui
412 2794 651 2849 principem
688 2799 938 2848 moverant,
979 2799 1028 2837 ut
1066 2799 1216 2838 contra
1247 2797 1348 2838 illos
1389 2797 1589 2849 saeviret3
1618 2810 1696 2853 pro
1725 2798 1966 2840 Donatistis
2000 2799 2049 2851 (a
2084 2799 2246 2853 quibus

123 2863 334 2914 quantum
365 2862 422 2903 sit
454 2874 661 2917 perpassa
694 2863 885 2905 Ecclesia
911 2876 1036 2906 nemo
1066 2865 1260 2919 ignorat)
1282 2865 1586 2908 Proconsulem
1625 2864 1774 2908 Africae
1804 2865 2075 2920 supplicibus
2102 2868 2246 2911 verbis

122 2931 217 2970 orat
250 2931 291 2971 S.
311 2931 606 2984 Augustinus:
641 2935 696 2975 Te
717 2943 956 2986 precamur
972 2964 984 2983 ,
1016 2933 1099 2983 ait,
1125 2936 1177 2975 αι
1203 2944 1358 2976 eorum
1388 2932 1493 2976 vilae
1517 2945 1705 2990 parcas,
1735 2938 1879 2977 Deum
1895 2946 2162 2990 precamur,
2193 2941 2245 2980 ut

122 2996 400 3052 resipiscant.
431 3000 536 3040 Ecce
556 3011 680 3041 veros
709 2999 978 3051 Catholic0s;
1002 2999 1248 3056 hujusmodi
1270 3001 1476 3056 exemplis
1509 3001 1798 3047 ecclesiastica
1830 3002 2023 3045 abundat
2044 3005 2242 3048 historia.

176 3135 278 3185 Ρ33.
312 3134 419 3183 161,
467 3136 543 3175 not
585 3135 635 3186 3,
684 3148 733 3177 ex
748 3136 979 3182 Eminent.
1010 3135 1186 3179 Cardin.
1229 3137 1482 3182 pallavicini
1523 3150 1676 3194 opere,
1707 3139 1776 3185 cui
1820 3140 1963 3184 titulis
1997 3155 2007 3183 :
2042 3145 2107 3185 De
2135 3144 2245 3186 Arte

116 3199 404 3255 perfectionis
418 3200 692 3245 christianae.

181 3340 242 3379 Ne
272 3338 371 3391 quis
396 3338 593 3390 dubitet,
618 3341 723 3394 quin
740 3342 877 3382 totius
894 3341 1010 3383 orbis
1026 3343 1265 3394 conversio,
1283 3343 1376 3385 sine
1396 3344 1699 3386 miraculorum
1727 3358 1807 3399 ope
1829 3350 2023 3400 peracta,
2045 3345 2242 3389 miraculi

126 3404 193 3447 vel
217 3406 388 3447 maximi
403 3409 587 3460 speciem
608 3420 692 3462 prae
707 3410 957 3451 se'tulisset
972 3441 983 3461 ,
1001 3410 1431 3453 animadvertendum
1456 3415 1523 3453 est
1551 3413 1766 3466 imprimis
1785 3413 1882 3455 fidei
1902 3417 2058 3455 nostrae
2080 3417 2242 3469 myste-

125 3474 206 3523 ria,
226 3473 587 3527 quemadmodum
606 3476 648 3517 in
670 3488 749 3519 sua
769 3477 996 3519 existentia
1016 3481 1223 3532 superant
1238 3491 1407 3521 omnem
1428 3479 1514 3520 vim
1531 3482 1694 3522 naturae
1709 3484 1859 3523 creatae
1875 3512 1886 3533 ‚
1906 3482 1969 3523 ita
1987 3482 2030 3522 in
2046 3493 2125 3523 sua
2146 3494 2242 3523 cre-

125 3539 343 3583 dibilitate
384 3555 554 3585 omnem
584 3543 677 3598 ejus
706 3545 976 3588 intellectum
1012 3545 1348 3598 transcendere;
1381 3550 1648 3602 quapropter
1694 3560 1835 3602 neque
1864 3560 1915 3590 ea
1949 3561 2043 3603 quae
2082 3552 2241 3590 natura

125 3612 269 3651 ereata
297 3609 399 3652 facit
419 3640 432 3662 ,
460 3622 600 3666 neque
629 3623 706 3664 ea,
743 3625 836 3667 quae
865 3614 1106 3667 cognoscit,
1140 3612 1383 3669 sufficiunt,
1413 3618 1463 3658 ut
1496 3615 1574 3658 illa
1599 3616 1803 3672 mysteria
1837 3615 2074 3671 prudenter
2099 3614 2242 3659 credi-
