2554 4140
275 139 353 197 44
928 160 998 198 nn
1040 159 1188 200 VERA
1232 161 1355 199 nm.
1406 164 1536 205 Anv.
1584 164 1738 205 mea.

273 316 540 366 turarum
579 314 908 364 creatarum
944 303 1171 365 ambitu
1205 307 1654 386 contineantur,
1691 330 1824 369 cum
1865 322 2066 374 tamen
2105 315 2254 376 nihil
2282 318 2400 378 effi-

274 423 402 461 cere
442 402 667 484 possint
711 398 931 482 absque
967 402 1075 461 Dei
1114 401 1210 463 vel
1246 416 1541 486 praecepto
1583 406 1672 465 vel
1708 407 2125 488 permissione,
2169 434 2401 495 semper

272 517 479 557 verum
516 496 660 570 erit,
708 495 1057 556 miraculum
1089 519 1213 557 esse
1251 498 1345 573 id,
1385 502 1547 579 quod
1570 502 1646 579 fit
1664 513 1897 581 praeter
1923 505 2195 565 ordinem
2222 515 2401 568 totius

271 605 512 653 παίωνας
539 605 749 654 creatoe
787 595 908 654 sive
937 595 1164 655 ratione
1203 602 1308 655 sui
1329 599 1450 658 sive
1491 599 1717 659 ratione
1750 602 1952 673 modi,
1980 613 2047 660 ut
2073 605 2397 685 expositum

270 700 377 748 est.
418 690 587 763 Quod
621 692 667 750 si
713 692 958 758 morosis
993 691 1296 752 nonnullis
1333 693 1455 753 haec
1501 693 1925 776 definitio-non
1970 697 2232 779 placeat,
2282 722 2403 760 non

268 784 582 845 abnuimus
618 787 969 847 miraculum
1007 788 1253 848 definire
1288 811 1301 846 ε
1332 811 1478 868 opus
1508 793 1823 866 sensibile,
1865 796 2230 873 stupendum
2253 841 2268 871 ,
2306 818 2408 856 or·-

268 882 410 941 dini
441 885 843 962 providentioe
893 896 1167 943 consueto
1209 895 1266 943 et
1306 896 1549 944 παίωνα»
1601 889 1830 968 legibus
1883 897 2292 964 eontrarium,
2336 893 2405 951 In

268 977 420 1037 113110
442 1001 618 1061 porro
648 979 1055 1039 definitionem
1083 979 1279 1041 verbis
1315 982 1553 1040 mutatis
1589 986 1951 1045 conveniunt
1992 985 2364 1048 definitiones
2385 1036 2403 1059 ,

269 1095 401 1156 quae
453 1077 671 1156 passim
715 1076 838 1136 sive
886 1097 917 1134 a
964 1075 1328 1158 philosophis
1376 1077 1497 1136 sive
1546 1099 1580 1136 a
1623 1078 1909 1160 theologis
1960 1082 2312 1162 traduntur,
2358 1085 2406 1143 si

269 1169 496 1231 dolosas
534 1172 849 1231 nonnullas
890 1173 1140 1255 excipias
1169 1172 1245 1231 ad
1294 1172 1623 1234 fallendum
1668 1197 1887 1258 nempe
1925 1181 2276 1260 excogitatas
2313 1180 2406 1243 vel

266 1288 505 1348 prorsus
544 1267 883 1349 singulares,
927 1270 995 1328 In
1031 1269 1184 1329 hanc
1227 1281 1511 1350 praeterea
1568 1270 1978 1333 definitionem
2022 1274 2122 1334 illa
2160 1288 2409 1358 quatuor

268 1362 597 1444 quadrant,
647 1386 775 1446 quae
817 1365 894 1424 ad
935 1386 1145 1426 verum
1180 1367 1532 1425 miraculum
1564 1368 2051 1429 constituendum
2102 1373 2407 1453 requirun-

267 1469 367 1518 tur
389 1505 404 1535 ,
450 1461 514 1518 10
546 1470 613 1519 ut
645 1460 884 1520 effectus
919 1462 994 1520 sit
1025 1460 1346 1537 sensibilis,
1393 1463 1462 1521 20
1498 1463 1659 1546 quod
1687 1485 1719 1522 a
1749 1464 1913 1524 nulla
1956 1478 2150 1526 creata
2187 1489 2358 1527 causa
2385 1514 2401 1543 .,

267 1556 446 1615 modo
477 1558 738 1640 exposito
760 1603 775 1632 ,
816 1558 963 1617 effici
987 1559 1170 1641 possit
1193 1605 1208 1634 ,
1240 1559 1297 1618 3⁰
1325 1559 1485 1641 quod
1516 1560 1592 1619 sit
1625 1560 1875 1643 proinde
1902 1564 2363 1645 supernaturalis
2385 1611 2400 1639 ,

270 1651 338 1710 40
378 1652 631 1735 denique
665 1654 742 1713 ad
774 1653 974 1715 divina
1013 1654 1302 1715 conducat
1330 1655 1437 1737 (l).

357 1748 490 1807 114.
538 1750 669 1808 Dixi
705 1756 946 1830 passim
999 1752 1376 1819 liudwidum
1419 1752 1790 1835 exploratum
1830 1756 1991 1814 enim
2043 1767 2131 1816 est
2160 1802 2177 1831 ,
2226 1756 2403 1816 aliam

269 1843 427 1907 viam
509 1845 747 1909 inivisse
833 1846 1108 1907 Carolum
1172 1849 1404 1908 Bonnet
1447 1849 1575 1929 (2),
1622 1861 1682 1910 et
1726 1851 1812 1911 Cl.
1863 1851 2223 1915 Houtteville
2268 1851 2357 1933 (3)
2384 1898 2399 1927 ,

335 2097 407 2157 (l)
441 2097 579 2146 Cons.
603 2097 809 2147 Andreas
827 2097 1058 2163 Spagnius
1078 2096 1123 2145 S.
1148 2098 1196 2148 J.
1214 2098 1294 2147 De

269 2179 546 2240 miraculis,
567 2180 728 2228 Romae
752 2179 893 2247 1787.
910 2199 956 2246 pi
977 2197 1026 2231 2.
1048 2180 1128 2228 De
1141 2198 1294 2229 essen-

269 2263 343 2310 tia
371 2262 612 2312 miraculi.
648 2263 894 2329 Egregium
932 2282 1047 2330 opus
1067 2302 1081 2325 ‚
1117 2268 1167 2312 in
1200 2283 1293 2331 quo

270 2346 397 2394 istud
430 2356 762 2413 argumentum
803 2347 1006 2396 dilucide
1046 2348 1291 2398 evolvitur.

343 2424 755 2494 (2)Palin9enesie
759 2429 1010 2496 philosoph
1017 2432 1142 2496 ique.
1157 2431 1207 2481 P.
1220 2449 1235 2480 1
1248 2448 1293 2498 7.

272 2528 374 2578 cap.
410 2508 441 2561 5
474 2523 520 2561 et
546 2510 594 2561 6.

340 2595 411 2659 (3)
446 2595 585 2645 Tom.
603 2612 656 2646 11.
679 2597 794 2646 edit.
813 2595 965 2646 Amst.
988 2594 1135 2664 1744,
1153 2597 1240 2646 lib.
1259 2615 1295 2647 1.

272 2695 376 2743 cap.
404 2675 437 2724 6
454 2696 467 2741 ;
496 2679 579 2726 ubi
602 2679 938 2728 advertendum
965 2690 1065 2739 est,
1098 2679 1298 2728 Houtte·

271 2761 380 2810 ville
418 2762 611 2810 minime
646 2766 837 2829 rejicere
873 2780 1175 2812 communem
1211 2757 1299 2810 no-

272 2845 448 2892 tionem
477 2845 535 2893 de
560 2846 822 2907 miraculis,
843 2844 981 2911 juxta
999 2863 1143 2912 quam
1159 2847 1299 2894 etiam

272 2924 440 2974 refellit
475 2926 726 2992 Spinozam
750 2964 763 2987 ,
802 2928 881 2977 sed
922 2929 1061 2977 aliam
1098 2928 1298 2988 addere,

273 3019 325 3056 ut
350 3026 397 3057 se
425 3013 566 3075 magis
597 3010 771 3059 directe
801 3022 1052 3076 opponeret
1068 3010 1295 3075 Spinozae.

272 3089 444 3140 Differt
471 3108 578 3140 vero
616 3092 771 3158 quoad
801 3093 957 3158 aliqua
988 3111 1013 3141 a
1042 3092 1225 3141 Bonnet
1251 3096 1303 3141 in

273 3191 327 3222 eo
348 3211 361 3233 ,
392 3174 519 3239 quod.
555 3174 633 3223 ille
679 3175 795 3223 duos
838 3175 1022 3223 ordines
1055 3193 1080 3222 a
1110 3174 1210 3223 Deo
1242 3175 1302 3228 ab

272 3257 407 3304 initio
435 3260 712 3304 constitutos
736 3259 1092 3316 existimaverit,
1115 3274 1169 3305 ex
1189 3275 1305 3323 quo-

274 3356 381 3387 rum
411 3356 507 3387 uno
535 3350 831 3404 consurgeret
856 3350 1105 3388 consuetus
1132 3349 1305 3388 naturae

273 3438 464 3483 cursus,
500 3439 555 3470 ex
590 3422 737 3470 altero
780 3439 884 3471 vero
919 3424 1305 3471 extraordinarius

274 3521 435 3552 cursus
463 3506 697 3565 existeret,
716 3507 765 3552 in
791 3522 885 3571 quo
908 3505 1127 3553 miracula
1148 3508 1304 3553 conci-

276 3586 553 3650 piuntur.1d
573 3597 670 3645 est,
693 3605 746 3635 ex
769 3585 921 3635 Caroli
938 3586 1125 3635 Bonnet
1150 3598 1304 3636 mente

275 3665 511 3732 duplicem
543 3668 669 3719 Deus
701 3686 940 3719 causarum
977 3671 1141 3719 seriem
1172 3688 1303 3735 para-

1379 2102 1471 2160 vit,
1495 2118 1638 2149 unam
1658 2138 1671 2161 ,
1704 2117 1808 2167 quae
1838 2119 2110 2150 communes
2131 2102 2406 2166 produceret

1378 2182 1570 2231 effectus
1589 2219 1603 2245 ‚
1634 2201 1681 2231 v.
1710 2202 1755 2247 g.
1780 2193 1933 2231 ortum
1963 2193 2008 2232 et
2034 2200 2249 2231 occasum
2267 2185 2405 2245 solis,

1380 2273 1536 2312 motus
1572 2265 1809 2325 siderum,
1849 2265 2034 2331 aliaque
2071 2265 2407 2331 phaenomena,

1380 2363 1484 2413 quae
1516 2350 1683 2411 passim
1706 2350 1756 2395 in
1788 2347 1966 2395 mundo
2002 2350 2311 2412 contingunt3
2343 2347 2411 2395 al-

1380 2440 1525 2478 teram
1557 2447 1662 2478 vero
1695 2432 1860 2479 seriem
1889 2447 2132 2479 causarum
2152 2431 2408 2496 disposuit,

1381 2528 1485 2578 quae
1507 2514 1556 2559 in
1574 2512 1647 2560 1115
1676 2513 1747 2561 vel
1773 2513 1862 2561 illis
1882 2513 2091 2561 locorum
2104 2549 2120 2575 ,
2148 2523 2410 2577 temporum

1383 2610 1439 2642 ac
1466 2611 1769 2659 personarum
1794 2595 2026 2661 adjunctis
2052 2596 2111 2643 ab
2138 2596 2301 2644 eodem
2327 2613 2409 2643 au-

1384 2686 1506 2725 ctore
1547 2680 1713 2741 paratis
1751 2687 1918 2742 praeter
1960 2687 2200 2726 consuetas
2236 2686 2411 2724 naturae

1384 2758 1508 2823 leges
1523 2770 1839 2824 operarentur.
1856 2759 1978 2807 Hinc
1994 2762 2128 2808 series
2148 2776 2413 2819 causarum,

1384 2859 1431 2891 v.
1468 2861 1512 2907 g.
1549 2860 1650 2908 quae
1685 2861 1710 2891 a
1743 2846 1937 2891 mortuis
1972 2843 2196 2891 Lazarum
2238 2846 2411 2890 excita-

1384 2935 1529 2986 runt,
1565 2931 1665 2989 jam
1700 2925 1759 2974 ab
1801 2925 1938 2974 initio
1975 2926 2190 2990 disposita
2227 2924 2408 2984 suerat,

1385 3025 1439 3057 eo
1474 3018 1631 3057 tamen
1659 3009 1855 3070 ordine,
1891 3018 1942 3055 ut
1979 3025 2125 3056 causae
2161 3016 2412 3071 operaturae

1386 3108 1484 3138 non
1515 3102 1666 3140 essent
1694 3094 1784 3140 nisi
1824 3091 2100 3139 adveniente
2140 3088 2320 3137 Christo
2354 3089 2413 3136 ad

1386 3174 1686 3237 sepulchrum
1704 3184 1748 3222 et
1766 3174 1997 3221 clamante
2020 3190 2032 3219 :
2052 3172 2243 3219 Lazare
2254 3206 2270 3233 ,
2304 3170 2417 3218 veni

1381 3255 1536 3320 foras.
1604 3256 1884 3304 Houtteville
1948 3266 2103 3303 autem
2166 3254 2414 3303 arbitratur

1387 3337 1546 3387 Deum
1576 3338 1634 3386 ab
1666 3340 1798 3386 initio
1828 3340 1893 3385 510
1916 3340 2071 3385 01111113
2101 3338 2379 3400 disposuisse
2397 3371 2409 3394 ‚

1387 3432 1439 3469 ut
1464 3439 1517 3470 ex
1551 3420 1731 3486 legibus
1756 3421 1900 3469 semel
1930 3422 2086 3485 positis
2116 3421 2273 3468 omnia
2304 3434 2412 3482 pro-

1387 3503 1539 3551 dirent
1561 3540 1573 3563 ,
1618 3506 1712 3551 sive
1746 3521 1847 3568 quae
1889 3503 2115 3551 naturalia
2138 3539 2151 3561 ‚
2187 3503 2279 3548 sive
2311 3514 2412 3565 quoe

1388 3588 1506 3633 mira
1537 3584 1673 3633 nobis
1703 3585 1921 3634 videntur
1943 3624 1955 3646 ,
1986 3601 2088 3651 quae
2127 3594 2282 3631 tamen
2316 3599 2413 3629 non

1390 3673 1544 3720 minus
1571 3669 1799 3719 naturalia
1818 3708 1830 3731 ,
1858 3687 1999 3735 quam
2022 3670 2171 3734 prima
2194 3676 2319 3715 sunt.
2348 3664 2413 3712 Ex
