2554 4140
409 191 533 228 cAP.
582 193 662 229 1v.
711 192 779 227 nn
821 189 1002 229 nx1s‘r.
1050 189 1166 228 mv.
1215 191 1287 229 Ac
1329 190 1633 228 sursum.
1681 189 1811 229 miv.
2068 170 2194 230 103>

69 329 239 410 pletae
271 341 407 389 sunt
450 331 543 391 vel
581 333 642 392 in
678 332 800 391 dies
836 327 1222 409 complentur.
1262 330 1590 388 Nonnullas
1625 331 1956 412 speciminis
1995 333 2180 411 gratia

68 425 513 486 recensebimus
561 426 820 485 Christus
856 421 1226 500 evangelium
1260 443 1366 501 per
1404 425 1747 484 universum
1788 426 1991 486 orbem
2033 448 2180 508 pro-

69 519 393 599 mulgatum
426 521 539 596 iri,
574 540 638 578 ac
661 520 922 577 futurum
946 527 1013 574 ut
1036 514 1326 590 mulieriS,
1360 537 1488 596 quae
1523 530 1698 597 caput
1729 524 1850 597 ejus
1880 531 2178 601 unguento

70 613 391 679 delibuerat
429 612 682 694 (Matth.
725 609 966 689 XXVI),
1002 611 1182 690 pietas
1214 608 1431 690 ubique
1470 609 1898 686 celebraretur,
1952 626 2177 693 gentes-

69 731 181 789 que
219 731 419 768 omnes
454 706 673 786 legibus
719 704 1064 784 evangelicis
1097 726 1158 763 se
1195 703 1595 781 subjecturum
1632 706 1898 785 promisit
1930 707 2172 786 (Matth.

66 805 284 878 XXIV,
333 801 440 873 143
487 803 660 860 Marc.
693 801 863 875 XIII,
915 800 1030 873 103
1077 802 1211 859 Luc.
1243 800 1461 873 XXIV,
1509 798 1625 871 47;
1672 800 1844 858 Joan.
1879 802 2022 873 XII,
2051 802 2175 882 32).

69 900 213 957 Haec'
248 919 381 957 cum
425 899 649 955 Marcus
692 907 751 955 et
794 917 827 954 a
870 895 1096 954 fortiori
1142 894 1451 954 Matthaeus
1495 893 1853 969 scriberent,
1916 894 2014 955 vix
2057 897 2182 956 fieri

65 1003 366 1074 coeperant
389 1035 406 1064 ,
446 992 668 1050 exitum
711 1013 845 1050 cum
882 990 1090 1049 mundi
1129 989 1350 1050 excidio
1388 1001 1526 1048 sunt
1564 987 1857 1047 habitura.
1892 989 2182 1070 Apostolis

69 1109 129 1147 se
167 1086 504 1146 adfuturum
527 1132 543 1162 ,
584 1098 713 1145 tum
743 1098 809 1146 ut
854 1086 1181 1145 doctrinam
1207 1085 1483 1144 inauditis
1519 1083 1792 1166 prodigiis
1831 1085 2183 1144 confirment

66 1182 282 1260 (Marc.
312 1183 475 1259 XVI,
507 1182 617 1256 173
649 1184 820 1241 Joan.
861 1182 985 1241 XIV
1015 1226 1031 1256 ,
1074 1182 1150 1239 12
1171 1182 1197 1261 )
1219 1228 1233 1257 ,
1258 1192 1389 1239 tum
1414 1192 1480 1240 ut
1514 1180 1902 1240 constantiam
1932 1200 1999 1239 ac
2026 1180 2185 1239 forti.-

63 1277 332 1336 tudinem
365 1298 482 1358 prae
516 1299 575 1337 se
606 1278 794 1336 ferant
814 1321 830 1352 ,
864 1298 997 1336 cum
1033 1276 1107 1336 ab
1147 1275 1406 1336 Hebraeis
1445 1286 1621 1356 atque
1654 1275 1901 1334 ethnicis
1930 1323 1948 1351 ,
1988 1296 2190 1335 coram·

65 1372 313 1452 Regibus
351 1384 527 1454 atque
572 1371 996 1451 Magistratibus
1020 1417 1037 1446 ,
1081 1372 1246 1432 velut
1278 1371 1447 1453 impii
1483 1382 1660 1452 atque
1695 1370 1994 1450 sacrilegi,
2043 1371 2190 1430 hos-

73 1480 274 1549 tesque
311 1469 534 1548 generis
571 1467 817 1526 humani
845 1466 1182 1526 traductum
1205 1468 1419 1542 issent,
1455 1465 1682 1524 disertis
1710 1465 1903 1527 verbis
1931 1465 2184 1548 spondet

65 1562 307 1641 (Matth.
339 1565 422 1636 X,
458 1563 567 1636 163
596 1564 788 1636 XVII,
831 1563 936 1634 193
971 1564 1152 1620 XXIV
1176 1607 1190 1636 ,
1227 1563 1301 1634 93
1339 1562 1472 1620 Luc.
1510 1562 1673 1636 XXI,
1716 1560 1825 1634 123
1850 1562 2018 1619 Joan.
2052 1562 2180 1636 XV,

63 1657 177 1728 203
216 1658 341 1715 XVI
356 1671 376 1730 ',
421 1655 518 1737 2).
561 1656 971 1740 Apostolorum
1010 1669 1135 1716 acta
1163 1679 1232 1715 ex
1269 1667 1437 1738 parte
1461 1657 1730 1737 promissi
1768 1655 2182 1717 liberationem

65 1751 368 1811 continent
395 1798 411 1827 ,
451 1774 657 1812 verum
688 1763 820 1834 post
849 1763 1082 1812 exarata
1119 1753 1228 1811 tria
1267 1751 1577 1830 Evangelia
1619 1752 1877 1811 maxima
1914 1773 1988 1811 ex
2014 1764 2183 1834 parte

66 1846 186 1905 haec
225 1858 552 1907 evenerunt
596 1846 707 1926 (1).

143 1941 284 2001 248.
309 1942 737 2003 Adversitatum
757 1941 1029 2000 fluctibus
1060 1953 1343 2023 perpetuo
1360 1946 1643 2020 jactatam
1662 1942 1974 2002 Ecclesiam
1999 1966 2183 2026 usque

66 2035 141 2094 ad
162 2037 366 2095 mundi
404 2038 623 2096 exitum
652 2059 715 2097 ac
757 2038 913 2097 Petri
946 2058 1341 2102 successorum
1369 2039 1638 2117 regimini
1673 2037 2183 2120 obtemperantem

74 2143 578 2211 perseveraturam
621 2154 744 2192 esse
781 2133 1181 2210 vaticinatur(
1201 2132 1408 2191 Matth.
1446 2134 1614 2207 XVI,
1659 2133 1766 2206 18,
1799 2134 1979 2191 XXIV
2011 2179 2028 2209 ,
2069 2133 2182 2208 353

67 2226 335 2300 XXVIII,
375 2226 514 2306 20).
551 2228 898 2287 Vaticinium
942 2227 1200 2308 quotidie
1233 2226 1576 2308 comprobat
1611 2238 1878 2288 eventus,
1918 2228 2182 2310 Clarissi—

70 2339 228 2378 mum
260 2321 499 2403 insuper
542 2334 631 2381 est
677 2323 892 2382 Christi
934 2323 1233 2382 oraculum
1276 2323 1348 2383 de
1391 2324 1891 2403 Jerosolymorum
1933 2324 2176 2384 excidiO.

64 2415 198 2475 Tres
223 2416 669 2498 Evangeliorum
693 2419 1001 2500 scriptores
1028 2464 1047 2494 ,
1082 2420 1181 2499 qui
1211 2430 1404 2479 stante
1440 2419 1632 2478 adhuc
1662 2419 1915 2478 secundo
1954 2420 2177 2501 templo

63 2521 235 2591 atque
265 2513 749 2594 Jerosolymjtana
773 2514 918 2574 urbe
950 2515 1308 2596 scripserunt
1328 2561 1344 2588 ,
1377 2536 1499 2572 non
1525 2535 1643 2574 uno
1674 2515 1736 2573 in
1765 2514 1890 2573 loco
1914 2516 2177 2574 referunt

63 2606 311 2686 (Matth.
349 2608 568 2684 XXIII,
609 2609 717 2683 363
759 2610 976 2685 XXIV,
1019 2611 1096 2683 23
1143 2611 1317 2668 Marc.
1354 2610 1519 2683 XIII,
1558 2609 1630 2681 23
1673 2611 1805 2668 Luc.
1842 2609 2012 2684 XIII,
2055 2610 2175 2683 343

62 2703 213 2777 XXI,
239 2703 300 2782 6)
324 2723 454 2762 cum
477 2703 747 2764 omnibus
763 2705 878 2763 suis
898 2703 1183 2784 adjunctis
1212 2705 1492 2786 temporis
1515 2703 1627 2783 (2),
1656 2725 2043 2785 personarum
2059 2705 2172 2786 (3),

136 2999 198 3060 (1)
233 2998 351 3050 Vid.
381 3016 397 3047 1
425 2999 532 3050 Cor.
566 3019 602 3051 n
621 3040 634 3061 ‚
672 2999 838 3065 4-5;
874 3021 890 3051 1
915 3004 1072 3054 Thess.
1155 3004 1252 3052 Jos.
1271 3003 1399 3052 Flav.
1427 3002 1505 3052 De
1523 3002 1847 3068 bellojudaico
1865 3039 1878 3062 ,
1896 3003 1979 3051 lib.
1999 3019 2032 3051 u
2047 3037 2063 3063 ‚
2085 3020 2175 3052 me-

81 3093 130 3136 l,
153 3076 203 3126 5·
1159 3096 1311 3135 morat
1351 3085 1531 3134 Judam
1575 3084 1823 3134 Galilaeum
1858 3096 1905 3134 et
1935 3084 2181 3133 Theudam

139 3158 206 3221 (2)
243 3158 357 3208 Non
374 3163 640 3227 praeteribit
668 3167 909 3229 qeneratio
936 3165 1037 3214 haec
1062 3204 1077 3227 ,
1163 3167 1428 3233 AEgyptium
1449 3168 1700 3233 quemdam
1722 3168 1928 3232 auosque
1958 3176 2181 3215 veterato-

76 3247 167 3289 etc.
201 3241 397 3303 (Matth.
418 3261 531 3294 xxiv
548 3283 562 3305 ‚
596 3244 693 3309 34,·
708 3247 822 3295 Luc.
843 3265 919 3297 xxi
942 3284 955 3308 ,
975 3248 1077 3311 32),
1161 3267 1234 3299 res
1250 3287 1263 3311 ,
1283 3252 1364 3316 qui
1390 3251 1702 3316 prodigiorum
1725 3267 1803 3315 spe
1830 3249 2181 3297 multitudinem

74 3338 198 3369 anno
229 3333 383 3372 autem
426 3325 486 3391 37
517 3344 542 3375 a
579 3325 752 3376 Christi
800 3339 944 3377 morte
974 3329 1084 3377 urbs
1162 3333 1213 3379 in
1241 3332 1472 3380 desertum
1511 3341 1781 3396 pertractam
1811 3333 1860 3378 in
1902 3331 2178 3379 seditionem

72 3404 390 3469 templumque
436 3424 590 3457 eversa
635 3421 760 3459 sunt.
805 3410 940 3460 Conf.
981 3411 1080 3460 Jos.
1165 3413 1470 3477 impulerunt.
1518 3412 1623 3462 Post
1653 3414 1855 3461 dirutam
1896 3413 2061 3460 urbem
2093 3427 2181 3458 no—

73 3483 201 3534 Flav.
235 3485 308 3533 De
323 3486 437 3535 bello
451 3488 566 3554 jud.
596 3490 682 3541 lib.
714 3509 796 3540 vu.
1161 3494 1418 3542 vemdecim
1436 3494 1614 3543 aJoan.
1644 3495 1817 3543 Lensio
1842 3496 1893 3541 in
1911 3490 2177 3556 Schediaq-

140 3564 206 3629 (3)
243 3564 392 3616 Multi
418 3571 610 3619 venient
637 3574 696 3620 in
715 3576 914 3622 nomine
943 3591 1045 3624 meo
1062 3612 1076 3634 ‚
1162 3582 1286 3623 mate
1311 3574 1368 3624 de
1383 3577 1784 3640 pseudo-messit}
1803 3583 2123 3624 numerantur.

74 3655 163 3697 etc.
186 3647 384 3710 (matth.
414 3667 525 3714 xxv,
556 3651 584 3701 5
612 3669 627 3717 3
660 3654 809 3704 Marc.
837 3673 922 3706 xm
946 3694 959 3717 ,
991 3655 1078 3721 6).
