2554 4140
333 62 458 123 208
977 82 1048 118 nn

1091 81 1239 120 VERA
1283 83 1406 119 REI..
1456 82 1590 121 ADV.
1639 83 1839 121 nss'rER.

342 226 557 287 cationi
581 224 875 302 subJecta3
905 223 1017 281 nisi
1036 223 1234 306 itaque
1253 222 1328 283 ab
1357 222 1654 283 infallibili
1678 226 2022 285 auctoritate
2040 271 2058 300 .,
2090 227 2369 288 divinitus
2400 228 2476 288 ad

340 321 453 381 hoc
477 320 746 379 instituta
768 366 784 395 ,
817 317 1095 378 revelatio
1128 331 1558 401 proponeretur
1579 367 1594 394 ,
1634 332 1912 380 nutantes
1952 342 2017 379 ac
2050 320 2213 380 dubii
2246 345 2478 406 semper

349 436 609 476 essemus
644 415 792 474 circa
825 435 1033 474 verum
1073 414 1367 494 objectum
1405 437 1470 474 ac
1511 437 1857 495 germanum
1887 437 2125 475 sensum
2163 437 2227 475 ac
2256 418 2479 478 intelli-

347 514 610 592 gentiam
644 511 911 590 ejusdem
936 511 1343 585 revelationis,
1369 515 1697 593 praesertim
1728 533 1863 572 cum
1888 514 2078 595 agitur
2095 512 2168 572 de
2198 515 2482 594 mysteriis

347 608 629 669 humanae
664 609 879 667 rationi
913 608 1252 690 imperviiS,
1290 609 1353 668 in
1389 607 1602 691 quibus
1642 609 2020 668 hallucinatio
2057 609 2331 669 facillima
2369 621 2479 670 est.

351 704 524 779 Quod
560 727 633 765 ex
656 717 944 787 perpetuo
990 705 1398 786 experimento
1429 706 1604 764 nimis
1634 706 1897 765 luctuoso
1940 728 2011 765 ex
2046 718 2212 788 parte
2249 704 2488 766 illorum

349 803 654 876 omnium,
692 803 791 883 qui
816 846 831 876 ,
871 802 1029 863 viam
1054 801 1415 859 auctoritatis
1445 801 1814 876 deserente5‚
1849 802 1958 862 sibi
1993 804 2130 885 ipsis
2158 803 2332 863 duces
2364 823 2488 862 esse

351 897 673 960 voluerunt
698 942 714 971 ,
746 886 1000 955 'mirifice
1030 896 1434 954 confirmatur.
1478 898 1558 955 Eo
1599 898 1759 957 enim
1804 899 2206 976 devenerunt,
2251 910 2320 958 ut
2354 898 2490 959 licet

355 1015 548 1054 sacros
579 992 955 1054 revelationis
985 990 1211 1051 codices
1227 991 1458 1050 assidue
1480 1005 1718 1052 versent
1734 1039 1752 1070 .,
1781 996 1846 1054 in
1865 995 2336 1078 desperationem
2357 995 2490 1072 aeti,

351 1091 617 1152 nesciant
648 1088 790 1171 quid
823 1100 1028 1148 tenere
1063 1086 1358 1162 debeant,
1406 1098 1495 1146 tot
1536 1087 1906 1150 diversarum
1934 1093 2493 1175 interpretationum

351 1208 602 1247 numero
622 1230 640 1261 ,
686 1184 970 1245 varietate
1007 1205 1072 1243 ac
1102 1184 1521 1244 contrarietate
1553 1183 1669 1243 huc
1694 1185 1835 1245 illuc
1873 1186 2136 1246 distracti
2174 1180 2287 1268 (1)'.

437 1282 498 1342 5.
548 1283 634 1342 Ex
673 1282 1070 1363 perpetuitate
1104 1279 1348 1340 demum
1392 1280 1574 1362 ipsius
1613 1281 1831 1341 divinae
1870 1281 2243 1343 revelationis
2288 1283 2495 1344 eadem

357 1379 576 1441 veritas
609 1389 796 1459 patet.
840 1377 1053 1438 Divina
1085 1377 1247 1437 enim
1277 1376 1560 1439 revelatio
1599 1400 1723 1436 non
1760 1401 1869 1460 pro
1901 1377 2037 1438 solis
2071 1377 2456 1459 praesentibus
2476 1421 2493 1452 .‚

359 1475 463 1536 sed
485 1497 594 1558 pro
616 1473 891 1534 omnibus
909 1476 1154 1533 omnino
1186 1473 1527 1533 hominibus
1558 1480 1978 1557 cujuscumque
2002 1476 2188 1535 aetatis
2213 1475 2363 1535 facta
2384 1485 2496 1549 est3

359 1593 542 1655 quare
559 1616 578 1650 ‚
610 1572 727 1630 nisi
740 1581 1027 1654 perpetua
1041 1570 1312 1653 quaedam
1332 1592 1681 1653 semperque
1702 1572 1903 1632 vivens
1918 1572 2203 1632 divinitus
2228 1572 2499 1631 instituta

358 1670 676 1731 auctoritas
701 1680 850 1730 esset
875 1668 952 1729 ad
979 1669 1254 1730 eamdem
1277 1670 1628 1730 intemerate
1656 1669 2009 1730 servandam
2031 1715 2048 1746 .,
2081 1682 2142 1730 et
2165 1668 2498 1731 custodien-

359 1916 772 1966 determinandum
796 1916 1046 1966 verborum
1073 1933 1215 1966 sacrae
1230 1916 1391 1983 Scrip-

358 2010 509 2062 turae,
551 2004 642 2068 ipsi
686 2013 908 2068 perpetuo
950 2002 1181 2052 accedunt
1214 2002 1289 2051 vel
1333 2001 1392 2050 ad

361 2101 508 2134 usum
539 2085 803 2151 loquendi,
843 2105 985 2153 quem
1015 2098 1215 2148 vacant,
1252 2087 1325 2137 vel
1342 2091 1394 2136 in

362 2170 626 2219 subsidium
671 2172 940 2220 adsciscunt
968 2172 1153 2236 linguas
1197 2170 1391 2232 affines,

361 2256 536 2317 passim
557 2254 616 2302 ad
640 2254 827 2319 phrases
859 2254 1163 2319 profanorum
1200 2256 1395 2319 scripto-

363 2353 470 2386 rum
520 2338 711 2403 phrases
751 2340 945 2403 exigunt
983 2338 1310 2403 scripturales,
1353 2347 1398 2386 et

368 2422 528 2469 tamen
560 2432 785 2487 perpetuo
829 2422 1039 2480 haerent,
1082 2439 1136 2469 ac
1170 2422 1399 2469 fluctuant

364 2499 564 2565 incerti,
600 2514 647 2552 et
681 2504 807 2571 quod
833 2505 892 2553 ab
919 2522 1014 2553 uno
1034 2507 1252 2570 scriptore
1272 2503 1399 2552 affir-

366 2596 519 2636 matur
547 2597 599 2637 ut
640 2600 818 2637 certum
835 2626 850 2653 ‚
878 2587 939 2636 ab
976 2588 1122 2637 altero
1149 2599 1201 2637 ut
1230 2588 1397 2637 falsum

367 2673 595 2738 rejicitur.
607 2671 743 2721 Levis
759 2675 957 2721 istorum
974 2682 1398 2721 commentatorum

367 2760 467 2807 sive
492 2761 838 2824 exegeticorum
858 2796 871 2818 ‚
905 2775 986 2807 seu
1017 2761 1175 2824 potius
1206 2758 1401 2824 philolo·

368 2859 535 2906 gorum
566 2842 702 2891 lectio
722 2842 896 2891 sufficit
913 2880 926 2902 ,
958 2852 1011 2889 ut
1039 2844 1237 2908 quisque
1263 2842 1400 2891 intel-

368 2924 480 2989 ligat
509 2926 560 2972 in
600 2935 774 2990 quanta
807 2927 893 2990 ipsi
935 2935 1173 2973 versentur
1200 2925 1399 2974 fluctua-

370 3007 518 3054 tione.
553 3005 759 3054 Istorum
779 3022 919 3071 opera
948 3012 1003 3055 ut
1022 3006 1282 3072 plurimum
1304 3025 1402 3056 non

371 3098 484 3136 sunt
522 3090 613 3137 nisi
658 3099 899 3137 contextus
936 3099 1181 3137 auctorum
1218 3089 1401 3139 hetero-

373 3170 608 3220 doxorum
654 3173 729 3221 vel
760 3171 1096 3221 affirmantium
1129 3173 1202 3221 vel
1237 3191 1403 3239 negan-

374 3254 494 3301 tium
511 3290 526 3310 ,
551 3252 682 3302 laune
706 3254 779 3303 vel
808 3255 948 3303 illum
978 3257 1191 3304 nativum
1219 3272 1402 3304 sensum

371 3353 474 3385 esse
496 3336 624 3385 verbi
641 3337 768 3402 quod
783 3339 1073 3403 expendunt.
1105 3338 1273 3388 Praeter
1290 3338 1404 3387 Cri-

375 3420 496 3468 tioos
535 3435 696 3467 saeros
734 3419 882 3469 videri
919 3431 1113 3486 possunt
1163 3420 1401 3481 Kuinoel,

375 3500 703 3553 Rosenmiiller
721 3539 736 3566 ,
765 3502 975 3553 Eichorn
993 3542 1007 3566 ‚
1035 3516 1122 3554 etc.

448 3586 517 3651 (1)
551 3585 673 3638 Sane
688 3584 890 3637 Ecclesia
903 3585 1181 3638 Genevensis
1200 3587 1285 3652 (ut
1315 3588 1406 3637 alia

1475 1918 1683 1983 exempla
1715 1919 1853 1967 missa
1890 1918 2086 1977 faciam)
2109 1920 2160 1967 in
2178 1935 2261 1967 suo
2287 1914 2499 1977 Statum,

1477 2000 1564 2050 sub
1592 2002 1669 2049 die
1696 2000 1729 2050 3
1759 2001 1869 2051 Maii
1899 2019 1980 2050 an.
2030 1997 2155 2066 1817
2182 2038 2197 2066 ‚
2231 2000 2502 2074 prohibuit,

1478 2105 1538 2136 ne
1585 2089 1816 2153 quispiam
1860 2089 1911 2134 in
1947 2085 2081 2135 scolis
2126 2095 2231 2150 agat
2258 2085 2317 2133 de
2353 2101 2504 2151 quaes-

1480 2172 1686 2220 tionibus
1712 2171 1836 2236 apud
1851 2174 2001 2235 ipsam
2029 2171 2332 2218 controversis
2349 2206 2363 2228 ‚
2387 2171 2506 2218 circa

1480 2255 1595 2302 duas
1613 2253 1661 2302 J.
1679 2252 1731 2302 C.
1761 2264 1969 2313 naturas,
1986 2262 2225 2317 peccatum
2248 2252 2469 2317 originale
2490 2290 2503 2313 ‚

1481 2341 1674 2405 gratiam
1689 2349 1733 2386 et
1751 2336 2223 2402 praedestinationem.
2243 2335 2355 2384 Vid.
2381 2334 2508 2383 Pre-

1481 2424 1554 2470 cis
1593 2420 1677 2468 des
1730 2419 1894 2467 de'bats
1942 2417 2263 2484 the'oloqiques
2310 2418 2367 2465 de
2419 2415 2509 2466 Ge-

1482 2503 1631 2561 ηέοε,
1676 2521 1760 2568 par
1791 2501 1838 2550 J.
1886 2501 1933 2555 J.
1968 2500 2288 2560 Cheneviere‚
2343 2498 2503 2564 1824,

1483 2607 1532 2655 p.
1567 2604 1650 2637 22.
1684 2587 1863 2653 Nempe
1895 2588 2057 2636 eadem
2090 2588 2266 2635 ratione
2299 2603 2353 2635 ac
2384 2603 2513 2634 exer-

1484 2675 1602 2720 citus
1619 2672 1872 2737 Imperator
1885 2689 1968 2719 seu
1991 2670 2084 2719 dux
2110 2707 2124 2731 ‚
2144 2687 2252 2718 cum
2269 2687 2317 2718 se
2338 2668 2511 2717 viderit

1485 2755 1545 2804 ad
1572 2761 1781 2803 extrema
1808 2754 2048 2802 redactum
2067 2791 2079 2814 ‚
2111 2762 2299 2810 monet,
2338 2761 2391 2799 ut
2420 2750 2512 2799 sibi

1486 2840 1686 2904 quisque
1713 2839 1992 2902 prospiciat;
2026 2839 2089 2884 ita
2124 2833 2343 2883 Ecclesiae
2368 2834 2511 2882 refor-

1487 2931 1626 2969 matae
1653 2930 1722 2968 tot
1759 2920 1914 2968 dubiis
1950 2936 2012 2985 ac·
2035 2928 2101 2967 tot
2130 2916 2510 2983 perplexitatibus

1487 3020 1647 3069 pressae
1668 3013 1713 3052 et
1738 3001 2182 3052 contradictionibus
2207 3001 2384 3067 absque
2415 2999 2511 3048 ullo

1489 3089 1688 3135 termino
1704 3120 1721 3146 ,
1745 3084 1916 3151 quibus
1949 3086 2155 3149 ipsarum
2176 3083 2395 3131 doctrinae
2409 3099 2511 3132 sca-

1485 3180 1606 3230 tent,
1627 3168 1884 3218 eudemum
1901 3167 2216 3227 devenerunt,
2237 3172 2293 3215 ut
2307 3167 2516 3215 dicerent

1488 3254 1711 3303 membris
1730 3255 1826 3301 suis
1859 3270 1872 3300 ε
1906 3252 1977 3300 En
2009 3252 2158 3301 Biblia
2188 3290 2202 3312 ,
2235 3252 2370 3317 legite
2393 3289 2406 3312 ‚
2430 3268 2510 3299 ex-

1488 3336 1677 3403 pendite
1699 3370 1714 3393 ,
1748 3333 1906 3382 cudite
1932 3333 2063 3382 vobis
2091 3334 2358 3399 religionem
2377 3368 2392 3393 ,
2422 3329 2511 3379 sibi

1489 3422 1689 3487 quisque
1715 3419 1983 3483 prospiciat.
2014 3416 2127 3466 Vid.
2172 3415 2279 3465 The
2310 3411 2511 3463 catholic

1490 3499 1802 3566 miscehny,
1837 3502 2009 3550 mensis
2038 3498 2158 3549 Julii
2193 3493 2337 3546 1826.
