2554 4140
2056 129 2169 188 179

406 154 527 191 CAP.
574 152 658 193 lv.
704 153 773 192 DE
815 154 992 191 Exlsr.
1031 153 1150 193 mv.
1202 152 1275 189 AC
1318 151 1621 190 SUPERNAT.
1669 150 1802 191 REV-

56 302 199 383 quin
230 299 611 359 fundamenta
632 297 1052 358 subvertantur
1075 295 1266 354 omnis
1289 296 1526 356 moralis
1558 294 1952 368 certitudinisg.
1981 315 2166 376 quum

55 395 225 478 plura
272 393 547 454 miracula
583 394 912 454 referantur
948 411 981 448 a
1021 387 1267 449 testibus
1302 389 1376 448 de
1412 390 1539 449 visu
1571 390 1668 451 vel
1700 389 1775 450 de
1817 390 2019 449 auditu
2053 389 2170 449 im·

57 491 311 551 mediate
340 503 399 550 et
434 491 674 573 quidem
708 479 868 547 omni
903 484 1020 543 fide
1057 483 1248 562 dignis
1269 528 1285 556 ,
1332 504 1577 564 quaeque
1601 486 1802 563 negari
1829 505 1937 545 nec
1959 496 2172 566 potue-

57 598 199 646 runt
234 586 307 645 ab
342 585 479 667 ipsis
524 577 988 643 protestantibus
1025 577 1136 657 (l).
1177 576 1243 635 30
1276 577 1431 636 Licet
1479 577 1622 636 fides
1665 590 1862 638 nostra
1911 579 2001 639 his
2046 601 2169 639 non

57 681 339 741 fundetur
358 726 375 754 ,
409 690 667 738 attamen
693 673 888 753 negari
923 693 1044 730 non
1070 682 1263 752 potest
1285 717 1300 745 ,
1338 670 1439 730 illa
1469 682 1599 729 tum
1626 673 2027 734 testimonium
2050 696 2175 736 esse

58 775 272 836 divinae
307 771 658 834 adsistentiae
694 790 827 847 erga
860 766 1203 842 Ecclesiam,
1233 767 1297 825 in
1335 769 1498 844 cujus
1540 767 1784 845 gratiam
1828 778 2174 848 patrantur,

57 881 186 929 tum
228 869 405 928 fidem
458 877 719 925 nostram
768 863 1094 945 plurimum
1136 861 1520 941 jucunditatis
1567 882 1633 919 ac
1678 860 1986 920 soliditatis
2037 862 2175 923 hinc

53 966 388 1046 percipere,
433 961 664 1020 durnin
690 959 1104 1018 communione
1137 956 1272 1016 fidei
1307 957 1645 1017 invenimur
1680 978 1817 1015 cum
1852 956 1920 1014 iis
1955 956 2171 1017 virtute

56 1072 117 1119 et
149 1058 454 1118 sanctitate
491 1056 701 1116 eximia
740 1052 1099 1136 pollentibus
1126 1098 1141 1127 ,
1193 1054 1409 1134 quique
1444 1075 1475 1111 a
1512 1054 1632 1111 Deo
1676 1050 1963 1130 ejusmodi
2001 1050 2195 1131 donis,

57 1164 447 1226 exornantur,
486 1151 643 1233 quod
683 1150 860 1209 nullae
892 1159 1059 1208 sectae
1088 1146 1305 1208 habere
1341 1158 1620 1229 possunt,
1658 1158 1718 1206 et
1757 1145 2044 1227 peculiare
2085 1158 2174 1207 est

55 1249 226 1307 unius
251 1248 515 1307 Ecclesiae
549 1244 866 1305 catholicae.

139 1342 228 1402 Ad
250 1343 371 1418 2¹¹⁹,
406 1341 573 1424 prob.
609 1342 1038 1400 Fanatismum
1059 1349 1445 1418 promovent,
1479 1347 1588 1396 etc.
1625 1336 1718 1396 vel
1751 1359 1878 1418 neq.
1916 1359 2051 1397 cum
2082 1337 2177 1396 hic

59 1438 396 1497 fanatismus
426 1458 547 1495 non
572 1445 989 1517 promoveatur
1012 1434 1076 1491 in
1095 1432 1342 1491 Ecclesia
1370 1430 1651 1492 catholica
1671 1477 1687 1506 .‚
1721 1430 1856 1491 licet
1885 1431 1975 1491 his
2005 1432 2176 1491 donis

59 1533 374 1608 instructa3
429 1531 523 1592 vel
566 1532 705 1590 dist.
745 1530 826 1589 Ex
865 1540 1034 1611 parte
1077 1527 1467 1609 quorumdam
1503 1529 1868 1609 privatorum
1891 1573 1908 1602 ,
1954 1538 2129 1587 tram
2162 1550 2179 1593 ‚·

63 1627 319 1688 Ecclesiae
342 1628 516 1708 ipsius
536 1672 551 1701 ,
595 1648 728 1706 neq.
762 1626 817 1684 Si
846 1624 1024 1706 aliqui
1056 1645 1238 1705 pane,
1278 1623 1414 1682 vino
1435 1669 1450 1697 ,
1483 1635 1592 1682 etc.
1629 1622 1992 1699 abutuntur,
2033 1644 2177 1681 num

63 1925 223 1980 rogant
250 1913 471 1963 miracula
515 1929 570 1961 ac
610 1915 893 1961 narrationes
920 1912 1074 1977 prodi-

62 2000 212 2062 giosas
232 2034 246 2056 ,
288 1997 628 2061 supposititias,
665 2005 711 2044 et
741 1995 801 2043 ad
833 1996 1072 2059 ingenium

1156 1910 1360 1958 vendam
1390 1912 1445 1957 in
1479 1909 1704 1974 faciendo
1735 1909 1837 1958 Dei
1869 1927 2005 1976 opere
2032 1910 2182 1976 neqli-

1152 1993 1380 2057 qeutiam.
1414 1991 1670 2046 Richardus
1702 1991 1891 2040 Hakluit
1914 2010 2061 2058 praeco
2094 2012 2182 2043 an-

64 2079 281 2127 confictas
300 2114 316 2138 ‚
340 2088 392 2127 ut
407 2077 517 2127 inde
550 2078 772 2126 invidiam
798 2086 951 2125 creent
982 2074 1073 2124 Ca·

65 2160 244 2209 tholicis
272 2197 284 2220 ‚
327 2177 494 2225 eosque
522 2169 574 2207 ut
598 2159 807 2207 credulos
829 2157 1076 2206 traducant

68 2244 119 2290 in
165 2241 400 2290 miraculis
433 2241 730 2289 admittendis
746 2277 759 2301 ‚
803 2242 940 2305 quasi
978 2256 1076 2287 non

65 2325 312 2384 extiterint,
332 2333 376 2371 et
390 2341 485 2372 non
502 2332 657 2371 extent
671 2325 792 2370 inter
813 2320 1076 2370 Catholicos

66 2408 203 2473 primi
234 2403 445 2454 subsellii
466 2407 643 2465 critici,
667 2406 749 2471 qui
770 2404 890 2453 hene
915 2405 1074 2453 discri-

69 2492 251 2538 minare
268 2489 453 2537 valeant
470 2504 599 2537 veras
613 2505 639 2537 a
664 2487 781 2536 fictis
800 2489 1071 2536 narrationi-

69 2573 176 2622 bus.
196 2571 304 2620 Haec
315 2581 474 2620 tamen
487 2582 552 2620 est
568 2573 735 2636 passim
750 2580 931 2635 recepta
956 2569 1080 2635 apud

71 2653 333 2705 incredulos
346 2665 389 2703 et
399 2653 819 2702 Protestantescum
832 2649 1082 2701 Catholicis

69 2737 235 2803 agendi
248 2738 381 2785 ratio.

146 2818 213 2883 (1)
250 2817 389 2867 Cons.
418 2814 516 2864 Vie
544 2816 600 2863 dc
621 2814 676 2865 S.
703 2815 944 2873 Francois
972 2813 1086 2864 Xa-

81 2901 203 2957 oier,
229 2918 309 2965 par
327 2899 372 2948 le
395 2899 447 2948 P.
472 2897 718 2946 Bouhours
736 2936 749 2958 ‚
767 2898 848 2946 liv.
878 2916 944 2957 iv,
964 2900 1087 2947 circa

1158 2075 1365 2138 glicanus
1381 2111 1393 2132 ‚
1419 2077 1500 2138 qui
1531 2073 1721 2139 quidem
1745 2073 2045 2123 Calviuiauus
2071 2076 2180 2139 fuit,

1158 2155 1217 2204 de
1248 2156 1410 2204 eodem
1428 2155 1627 2204 Xaverio
1648 2175 1659 2203 :
1684 2155 1915 2204 Historias
1941 2157 2182 2206 moderna)

1159 2235 1355 2298 India-3,
1392 2242 1576 2304 inquit,
1603 2238 1766 2305 plenta
1796 2248 1908 2287 sunt
1933 2249 2184 2306 praeatan-

1160 2322 1285 2368 tium
1312 2322 1545 2369 virtutum
1570 2331 1616 2369 et
1641 2309 1838 2387 operum
1866 2325 1968 2371 vim
1997 2340 2183 2373 omnem

1161 2410 1349 2450 uaturoe
1363 2403 1690 2451 excedentium
1709 2442 1723 2464 ,
1739 2421 1845 2469 quae
1860 2406 1937 2452 vir
1949 2404 2028 2452 ille
2040 2421 2184 2453 sanc-

1162 2494 1241 2534 tus
1276 2489 1512 2551 pat-ravit.
1547 2487 1800 2537 Tavernier
1831 2488 2129 2539 Calvinianus
2168 2507 2182 2538 z

1164 2566 1402 2634 Equidem
1458 2571 1513 2618 in
1550 2567 1703 2620 Sinas
1743 2588 1844 2619 non
1880 2572 2154 2637 penetravit
2168 2590 2188 2633 ,-

1165 2667 1273 2700 vero
1293 2660 1452 2700 tamen
1462 2661 1529 2701 est
1543 2652 1724 2714 simile,
1744 2653 2012 2703 doctrinam
2027 2654 2189 2711 chris:

1102 2747 1105 2750 ·
1167 2736 1382 2796 tianam,
1412 2752 1557 2799 quam
1573 2736 1627 2783 in
1642 2735 1854 2784 insulam
1872 2736 2074 2802 Niphon
2098 2738 2179 2784 in-

1170 2815 1339 2872 duxit,
1384 2815 1499 2864 inde
1543 2834 1763 2866 mamsse
1799 2819 1854 2866 in
1895 2820 2083 2867 vicinas
2111 2835 2189 2866 ro-

1168 2899 1333 2963 qiones
1347 2933 1362 2958 ‚
1386 2906 1753 2964 etpropayatam
1775 2901 1930 2965 fuisse
1957 2900 2119 2950 studio
2143 2909 2197 2950 et

82 2981 468 3031 finem.Sicenim
483 2979 1089 3046 scribitPhilippusBaldeus
1171 2998 1291 3030 cura
1331 2982 1491 3029 sancti
1523 2981 1669 3047 hujus
1711 2984 1811 3031 viri
1828 3019 1843 3043 ‚
1884 3000 2023 3049 quem
2069 2993 2193 3035 recta

84 3066 135 3112 in
148 3061 290 3113 Hiat.
320 3061 499 3112 Indica
521 3077 536 3109 τ
571 3060 632 3110 Si
657 3062 1093 3127 Xaveriusfuisset
1174 3071 1394 3114 sanctum
1421 3063 1638 3114 Paulum
1664 3074 1710 3114 et
1730 3083 1899 3115 verum
1927 3067 2193 3118 Iudiarum

86 3153 260 3193 Μείνας
283 3143 931 3208 reliyiouis(protestanticae)‚
948 3148 1092 3193 etiam
1175 3146 1461 3213 Apostolum
1486 3150 1746 3197 novninare
1767 3138 1945 3216 possis.
1980 3149 2066 3200 Vel
2099 3156 2201 3218 ipse

87 3226 222 3294 apud
234 3241 322 3275 nos
341 3233 395 3273 ut
416 3223 534 3273 alter
560 3221 746 3275 Paulus
766 3243 874 3275 cum
900 3229 1095 3275 veritate
1178 3231 1379 3296 denique
1406 3229 1540 3282 Joan.
1577 3230 1720 3281 Laut.
1762 3231 2048 3282 Moshemius
2062 3269 2080 3295 ,
2115 3236 2199 3300 qni

88 3317 206 3356 esset
216 3307 604 3366 oestimandus‚et
614 3307 967 3356 colendusvelut
981 3307 1099 3356 alter
1180 3312 1299 3361 nulli
1340 3312 1486 3361 ferme
1536 3315 1760 3379 perpercit
1799 3333 1853 3364 ex
1902 3318 2219 3366 sanctissimis>

93 3389 298 3439 Paulus.
341 3388 635 3456 Quanquam
670 3399 827 3438 autem
853 3391 1100 3455 reliqionis
1185 3397 1292 3444 viris
1312 3432 1325 3453 ‚
1370 3391 1451 3462 qui
1478 3394 1729 3446 Ecclesiam
1758 3395 2036 3448 catholicam
2071 3397 2203 3446 illus-

89 3473 241 3543 fucrit
271 3488 301 3520 a
338 3477 498 3518 nostra
535 3470 734 3520 diversoe
752 3511 764 3532 ‚
807 3475 884 3520 αἰο
906 3509 922 3535 ,
961 3473 1103 3522 bonos
1188 3486 1368 3525 trarunt
1391 3514 1404 3537 ,
1424 3479 1473 3524 in
1492 3475 1661 3527 Instit.
1685 3477 1799 3529 hist.
1818 3479 1985 3527 christ.
2009 3488 2121 3526 tom.
2139 3495 2201 3540 n,

95 3569 257 3601 omues
281 3555 385 3619 ojus
410 3550 511 3600 zelo
527 3589 542 3608 ,
564 3551 792 3618 viqilauti
805 3571 922 3603 cura
947 3563 993 3604 et
1005 3572 1105 3603 mo·
1192 3578 1241 3625 p.
1265 3556 1315 3618 8,
1336 3561 1487 3624 ipsum
1518 3576 1615 3617 uon
1653 3560 1870 3627 oulqaris
1895 3560 2205 3625 inqeniifhr-

97 3650 206 3683 rum
233 3635 483 3683 sanctitate
515 3636 716 3684 &citari
745 3635 910 3687 debore
935 3637 1001 3685 ad
1024 3654 1106 3686 ca·
1196 3640 1465 3706 &nimique
1483 3643 1643 3692 animi
1658 3644 1819 3692 virum
1840 3642 2058 3706 appellat.

1849 3720 1960 3781 12.
