2554 4140
980 153 1304 192 comcmsxo.
1359 170 1362 171 ν
2085 130 2159 189 37
2171 132 2199 188 l

86 322 342 384 quosque
380 307 610 360 animos
658 303 836 379 quasi
868 299 1116 377 publice
1147 300 1567 374 privatimque
1606 294 1886 352 hortatur
1907 335 1929 364 ,
1968 312 2090 351 non
2124 303 2209 350 est

87 398 526 478 desperandum
556 397 636 454 ab
670 396 867 454 eodem
900 397 1030 472 ipso
1059 389 1181 449 Deo
1220 394 1635 449 auctoritatem
1674 390 1946 467 aliquam
1984 390 2204 445 consti-

87 505 312 562 tutam,
350 513 465 572 quo
504 493 664 550 velut
681 490 886 570 yradu
925 493 1076 546 certo
1111 489 1433 543 innitentes
1469 486 1839 542 adtollamur
1871 487 1943 541 in
1984 482 2201 542 Deum.

87 585 235 648 Hoec
277 598 515 657 autem,
566 589 816 664 seposita
862 585 1122 647 ratione,
1161 594 1350 656 quam
1382 583 1683 644 sinceram
1726 580 2088 658 intelli'qere,
2137 589 2211 636 ut

85 702 230 762 soepe
259 684 535 741 dia-imus
547 724 570 753 ,
608 680 1032 769 difficillimum
1073 673 1269 732 stultis
1308 678 1392 730 est
1406 715 1427 743 ,
1477 676 1806 752 dupliciter
1836 679 1943 732 nos
1982 683 2204 741 movet,

74 783 316 856 partim
350 777 708 845 miraculis,
734 767 974 851 partim
1014 771 1390 847 sequentium
1427 771 1885 826 multitudine...
1929 773 2206 827 miracu-

85 875 213 930 lum
245 893 411 948 voco,
450 862 757 949 quidquid
780 867 1050 924 arduum
1090 873 1203 922 aut
1226 863 1537 921 insolitum
1573 878 1765 939 supra
1792 883 1954 941 spem
1992 865 2081 921 vel
2098 867 2206 941 fa-

83 968 362 1026 cultatem
389 965 676 1022 mirantis
699 971 987 1040 apparet,
1024 964 1092 1016 in
1128 977 1244 1037 quo
1267 975 1480 1038 qenere
1515 957 1679 1015 nibil
1713 954 1797 1015 est
1821 960 2064 1035 populis
2097 977 2205 1037 ap-

84 1066 244 1130 tius,
300 1069 356 1117 et
403 1062 650 1115 omnino
701 1057 900 1113 stultis
948 1054 1338 1124 hominibus,
1392 1072 1580 1132 quam
1621 1053 1694 1109 id
1735 1053 1896 1130 quod
1938 1054 2209 1111 sensibus

84 1156 452 1213 admovetur.
486 1153 604 1210 Sed
630 1171 848 1209 rursus
875 1151 997 1208 lzoec
1033 1154 1102 1207 in
1127 1149 1246 1207 duo
1281 1149 1649 1223 dividuntur
1672 1167 1693 1215 ;
1726 1148 2003 1225 quoedam
2044 1151 2210 1206 enim

87 1257 262 1320 sunt,
298 1269 433 1326 quoe
456 1249 640 1306 solam
654 1250 908 1325 faciunt
929 1246 1396 1303 admirationem
1411 1285 1435 1313 ,
1457 1243 1734 1321 quoedam
1757 1259 1888 1300 vero
1917 1262 2208 1322 maynam

80 1350 264 1402 etiam
299 1347 572 1423 qratiam
613 1342 1187 1418 benevolentiamque
1227 1341 1568 1397 conciliant.
1619 1337 1788 1398 Nam
1833 1341 1888 1396 si
1933 1341 2071 1416 quis
2105 1357 2208 1397 vo-

83 1442 307 1498 lantem
352 1440 648 1496 hominem
697 1443 942 1505 cernat,
996 1452 1140 1492 cum
1174 1454 1244 1491 ea
1275 1447 1378 1491 'res
1424 1432 1586 1491 nihil
1619 1436 1949 1511 ‘spectatori
1990 1434 2207 1512 afferat

84 1533 380 1592 commode
408 1542 639 1611 proeter
668 1536 872 1610 ipsum
908 1529 1354 1608 spectaculum,
1387 1532 1660 1586 miratur
1686 1529 2110 1587 tantummodo,
2140 1530 2213 1587 Si

85 1630 226 1706 quis
243 1630 428 1706 yravi
437 1637 493 1684 et
503 1627 807 1705 desperato
823 1625 1024 1683 morbo
1040 1622 1286 1703 affectus
1299 1665 1321 1696 ,
1336 1643 1474 1682 moa·
1489 1633 1562 1680 ut
1561 1626 1814 1701 jussum
1827 1626 2053 1701 fuerit,
2076 1645 2209 1683 con-

87 1723 366 1791 valescat,
404 1722 875 1780 admirationem
901 1722 1187 1777 sanitatis
1223 1740 1381 1795 suoe,
1421 1722 1703 1777 sanantis
1736 1723 1919 1778 etiam
1955 1722 2208 1778 caritate

83 1819 411 1898 superabit.
442 1817 621 1876 Talia
636 1820 808 1896 facta
826 1824 975 1874 sunt
987 1817 1086 1874 illo
1101 1825 1381 1894 tempore,
1408 1834 1523 1893 quo
1536 1814 1701 1873 Deus
1717 1818 1786 1872 in
1801 1834 1933 1873 vero
1949 1815 2220 1893 homine,

83 1922 383 1992 quantum
396 1920 491 1970 sat
502 1923 648 1980 erat,
669 1911 1018 1970 hominibus
1039 1911 1392 1990 apparebat.
1420 1909 1675 1979 Sanati,
1699 1910 1990 1968 mundati
2009 1912 2208 1990 lepro-

83 2012 172 2081 si,
214 2011 476 2064 incessus
516 2007 787 2077 claudis,
829 2009 998 2065 caecis
1028 2009 1231 2077 visus,
1267 2005 1474 2063 surdis
1505 2006 1760 2063 auditus
1789 2016 1874 2063 est
1911 2002 2203 2065 redditus.

84 2101 376 2162 Homines
409 2100 580 2159 illius
606 2105 888 2181 temporis
915 2120 1143 2180 aquam
1166 2103 1233 2158 in
1265 2104 1478 2157 vinum
1511 2119 1851 2158 conversam
1870 2147 1886 2169 ,
1932 2111 2208 2160 saturata

84 2201 348 2275 quinque
398 2197 598 2254 millia
655 2202 923 2275 quinque
963 2196 1235 2275 panibus
1257 2242 1273 2264 ‚
1337 2197 1601 2253 transita
1648 2196 1915 2274 pedibus
1968 2201 2207 2265 maria,

86 2300 348 2349 mortuos
369 2302 743 2370 resurgentes
770 2292 1058 2349 viderunt
1071 2314 1092 2357 ‚·
1115 2294 1206 2348 ita
1227 2292 1502 2369 quaedam
1529 2295 1772 2370 corpori
1798 2294 2232 2370 manifestiori

88 2386 368 2463 beneficia
390 2432 407 2454 ,
434 2386 714 2464 quoedam
749 2403 882 2444 vero
914 2390 1103 2444 menti
1128 2387 1439 2444 occultiori
1467 2388 1666 2465 sique,
1698 2397 1753 2443 et
1779 2391 1988 2445 omnia
2019 2387 2208 2445 homi-

86 2480 265 2537 nibus
309 2483 637 2558 majestatis
687 2485 1021 2540 testimonio
1055 2481 1443 2539 consulebant
1454 2505 1480 2552 ‚-
1526 2484 1613 2538 sic
1659 2485 1731 2538 in
1773 2502 1831 2539 se
1878 2492 2026 2540 tunc
2063 2485 2210 2540 ani-

85 2592 217 2632 mas
252 2585 520 2634 errantes
559 2577 914 2632 mortalium
961 2577 1177 2633 divina
1223 2576 1624 2634 commovebat
1656 2581 2005 2634 auctoritas.
2053 2577 2208 2644 Cur,

86 2673 331 2747 inquis,
374 2674 493 2727 ista
534 2670 704 2727 modo
748 2689 871 2727 non
907 2667 1116 2747 fiunt?
1157 2670 1320 2748 Quia
1368 2689 1492 2728 non
1538 2678 1837 2728 moverent
1872 2674 2003 2729 nisi
2040 2675 2206 2729 mira

90 2774 292 2822 essent.
342 2763 512 2822 Nam
554 2764 684 2822 diei
720 2773 776 2821 et
812 2767 1002 2823 noetis
1044 2767 1197 2823 vices
1242 2774 1298 2822 et
1334 2768 1885 2823 constantissimum
1933 2766 2208 2824 ordinem

87 2875 298 2917 rerum
333 2857 722 2917 coelestium...
771 2859 1104 2918 decedentes
1144 2861 1565 2939 redeuntesque
1594 2862 1843 2939 frondes
1882 2861 2209 2920 arboribus

87 2954 397 3031 infinitam
430 2955 555 3012 vim
589 2958 922 3025 seminum,
946 2956 1478 3035 pulchritudinem
1510 2958 1692 3027 lucis,
1734 2959 1995 3018 colorum
2031 2979 2206 3036 sapo-

87 3066 344 3128 rumque
358 3055 669 3110 varietates
682 3094 704 3123 ,
733 3052 814 3110 da
834 3055 948 3130 qui
954 3056 1241 3132 primum
1260 3054 1458 3112 videat
1474 3064 1648 3132 atque
1666 3056 1913 3126 sentiat,
1941 3074 2072 3112 cum
2093 3073 2209 3132 quo

87 3146 249 3223 loqui
282 3149 625 3224 possimus,
663 3147 916 3206 hebescit
946 3148 1357 3227 obruiturque
1389 3149 1746 3217 miraculis;
1783 3169 1886 3208 nos
1918 3170 2048 3207 vero
2083 3150 2205 3207 lwec

91 3242 296 3297 omnia
313 3282 337 3310 ‚
370 3260 489 3299 non
530 3243 917 3321 coynos‘cendi
942 3245 1240 3320 facilitate
1262 3290 1278 3313 ‚
1324 3245 1481 3323 quid
1511 3232 1668 3303 enim
1708 3245 1803 3304 his
1841 3247 2045 3303 causis
2084 3245 2207 3303 obs-

89 3339 301 3392 curius
322 3333 350 3391 ?
390 3337 494 3393 sed
546 3324 694 3395 certe
749 3339 1048 3397 sentiendi
1100 3339 1455 3398 assiduitate
1508 3342 1962 3399 contemnimus.
2015 3339 2207 3397 Facta

92 3438 236 3487 sunt
270 3434 464 3509 iqitur
503 3431 612 3490 illa
661 3437 1202 3511 opportunissime,
1248 3445 1352 3507 ut,
1386 3435 1492 3495 ‘his
1531 3435 1926 3494 multitudine
1960 3434 2206 3494 creden-

92 3528 248 3581 tium
274 3537 624 3606 conqreqata
647 3538 822 3608 atque
838 3540 1173 3610 propaqata
1185 3573 1207 3602 ,
1234 3534 1304 3589 in
1328 3534 1484 3609 ipsos
1511 3551 1698 3591 mores
1715 3531 1886 3599 utilis
1908 3539 2205 3589 converte-

92 3630 264 3679 retur
295 3627 640 3683 auctoritas.
687 3624 882 3685 Mores
922 3637 1125 3686 autem
1157 3628 1410 3706 quilibet
1437 3637 1678 3687 tantum
1712 3627 1909 3687 valent
1938 3625 2025 3686 ad
2054 3626 2207 3686 obti-
