2554 4140
402 172 525 209 CAp,
574 171 651 211 1v.
701 171 768 206 nn
803 167 980 207 Exis‘r.
1028 167 1140 206 mv.
1186 166 1256 203 Ac
1300 165 1610 203 summu.
1654 162 1786 202 miv.
2046 140 2158 199 171

51 323 410 395 receptaeque
454 311 613 370 omni
647 332 719 371 ex
760 320 926 391 parte
967 305 1302 377 contrariae7
1344 315 1404 363 et
1451 305 1886 386 corruptionem
1924 301 2165 380 alicujus

51 408 340 488 religionis
365 406 472 465 sub
500 406 654 466 falsis
681 400 1059 487 praetextibus
1077 445 1094 472 7
1129 398 1314 480 qualis
1337 399 1670 459 reformatio
1691 399 2000 459 lutherana
2030 398 2161 458 fuit.

54 503 167 563 Sed
209 514 486 584 praeterea
521 497 997 578 distinguendum
1044 504 1134 552 est
1173 492 1329 550 inter
1371 493 1884 552 Lutheranismum
1926 494 2164 576 proprie

53 597 274 656 dictum
310 608 369 655 et
401 593 982 660 protestantismum3
1014 588 1238 669 primus
1265 586 1421 644 enim
1449 585 1657 644 saltem
1688 587 1857 646 valde
1888 610 2166 670 propaga-

53 703 147 751 tus
184 714 305 750 non
355 701 482 763 est7
530 686 632 746 sed
676 683 951 743 brevibus
1009 679 1293 739 limitibus
1337 680 1802 760 circumscriptus
1843 693 1902 740 et
1947 685 2059 742 cito
2101 684 2166 741 in

52 786 248 868 plures
280 795 460 843 sectas
485 781 736 851 divisus;
773 777 922 839 alter
948 799 1085 837 vero
1107 822 1122 851 7
1143 789 1285 834 'cum
1305 797 1438 841 ,non
1463 776 1538 834 sit
1568 775 1678 834 nisi
1702 777 2007 854 negativus
2030 823 2045 851 7
2079 779 2165 838 nit

53 879 213 938 aliud
240 877 550 957 significat,
586 866 697 931 nisi
722 894 1009 953 maynam
1047 873 1462 950 defectionem7
1501 892 1623 929 non
1658 880 1862 929 autem
1893 871 2166 949 diffusio-

52 995 189 1032 nem
218 971 457 1053 proprie
485 968 726 1027 dictam.

134 1066 272 1127 390.
321 1064 406 1124 Ad
446 1062 616 1123 Proh.
654 1063 726 1122 de
754 1063 929 1121 insito
957 1062 1196 1122 humani
1234 1060 1422 1121 cordis
1458 1060 1735 1122 novitatis
1764 1082 1964 1120 amore
1986 1105 2004 1137 ,
2030 1083 2160 1142 neq.

54 1161 282 1220 Etenim
308 1158 460 1218 nihil
489 1158 669 1237 magis
694 1156 887 1216 obstat
913 1157 1310 1239 propagationi
1343 1156 1632 1236 religionis
1653 1202 1668 1230 7
1700 1176 1876 1237 quam
1906 1155 2166 1233 ejusdem

51 1257 314 1328 novitas3
343 1255 465 1313 haec
482 1253 740 1335 profecto
761 1263 1048 1334 perpetuo
1072 1252 1183 1310 fuit
1212 1251 1579 1311 ethnicorum
1601 1252 1864 1332 exceptio
1890 1250 2166 1311 adversus

53 1350 390 1429 religionem
414 1349 787 1407 christianam
807 1391 823 1419 7
854 1367 918 1405 ac
941 1347 1264 1405 maximum
1285 1345 1646 1405 obstaculum
1668 1390 1685 1419 7
1711 1346 1867 1427 quod
1893 1366 2169 1428 superare

55 1444 339 1504 debuerit.
382 1443 726 1524 Exemplum
766 1442 1101 1522 Principum
1129 1486 1144 1515 7
1197 1442 1243 1499 si
1284 1440 1425 1522 quid
1465 1440 1743 1522 probaret
1770 1486 1786 1514 7
1830 1442 2124 1502 evinceret
2148 1484 2165 1514 ,

54 1539 386 1598 idololatras
420 1539 623 1620 primis
649 1536 907 1596 Ecclesiae
938 1535 1161 1596 saeculis
1196 1557 1228 1595 a
1256 1535 1534 1615 religione
1562 1534 1876 1595 christiana
1901 1556 2168 1594 summo-

53 1655 191 1715 pere
217 1633 530 1692 abhorrere
566 1631 835 1692 debuisse
863 1633 979 1712 (l).

836 1822 1243 1876 PROPOSITIO
1283 1822 1378 1877 VI.

62 1969 429 2025 Conservatio
477 1966 837 2025 Christianae
880 1966 1213 2045 Reliqz‘om‘s
1255 1968 1325 2022 in
1369 1960 1651 2024 omnibus
1692 1968 1820 2024 suis
1861 1966 2168 2045 adjunctis

138 2071 395 2140 spectata
422 2082 542 2119 non
566 2065 773 2120 minus
805 2071 1035 2143 certum
1063 2062 1290 2119 divinoe
1324 2083 1394 2119 ac
1416 2062 1911 2143 supernaturalis
1943 2061 2171 2121 Christi

136 2159 443 2214 missiom's
485 2157 827 2236 suppeditat
867 2167 1314 2237 aryzcmentum.

133 2345 269 2404 391.
318 2344 577 2404 Christus
594 2345 875 2404 Dominus
894 2367 1016 2403 non
1033 2344 1221 2405 solum
1240 2344 1531 2426 religionis
1550 2366 1667 2405 suae
1682 2346 2163 2428 propagationem

52 2441 154 2500 sed
177 2452 235 2500 et
258 2441 758 2501 conservationem
785 2441 1129 2501 vaticinatus
1165 2453 1252 2501 est
1286 2464 1468 2524 usque
1495 2440 1570 2500 ad
1594 2442 2162 2501 consummationem

53 2535 244 2595 saeculi
273 2536 522 2614 (Matth.
549 2538 815 2609 XXVIII7
845 2537 969 2618 20)
998 2582 1012 2611 7
1047 2558 1111 2596 ac
1136 2550 1333 2619 portas
1357 2538 1528 2596 inferi
1559 2559 1865 2619 nunquam
1898 2537 2171 2620 praevali·-

53 2641 211 2688 turas
240 2630 517 2690 adversus
550 2631 859 2690 Ecclesiam
879 2677 895 2704 7
939 2655 1114 2713 quam
1144 2633 1524 2691 aedificaturus
1557 2644 1682 2691 erat
1718 2654 1893 2714 super
1930 2635 2169 2690 Petrum

53 2725 238 2805 (ibid.
256 2728 381 2785 XVI
404 2771 419 2800 7
452 2728 524 2785 18
541 2728 587 2807 ).
609 2728 667 2784 Si
682 2726 1211 2808 adimplementum
1227 2750 1396 2786 suum
1413 2728 1683 2786 sortitum
1697 2738 1783 2787 est
1799 2727 2167 2804 vaticinium,

55 2831 214 2900 patet
235 2843 356 2879 non
381 2821 574 2879 minus
597 2833 820 2880 certum
844 2844 874 2880 a
905 2821 1071 2881 nobis
1103 2822 1328 2882 desumi
1357 2833 1767 2902 argumentum
1792 2822 1868 2881 ad
1904 2821 2171 2883 divinam

58 2914 273 2974 Christi
296 2917 631 2974 missionem
669 2916 1050 2976 evincendam
1087 2918 1161 2976 ab
1192 2918 1369 2998 ipsius
1408 2916 1697 2997 religionis
1724 2917 2168 2978 conservatione

59 3030 236 3089 quam
259 3009 332 3068 ab
358 3010 614 3088 ejusdem
641 3013 1075 3094 propagatione.
1108 3012 1194 3071 Ad
1218 3012 1542 3071 tollendam
1569 3034 1707 3074 vero
1733 3034 1972 3071 omnem
1995 3013 2171 3095 aequi-

58 3104 421 3162 vocationem
442 3150 457 3178 7
491 3108 896 3186 praemittimus
918 3153 933 3181 7
965 3129 1070 3166 nos
1094 3107 1189 3166 hic
1212 3130 1331 3166 non
1354 3107 1525 3166 aliam
1553 3107 2026 3167 communionem
2060 3106 2171 3167 sub

61 3197 387 3258 christianae
405 3199 693 3286 religionis
712 3204 950 3261 nomine
976 3202 1277 3283 designare
1304 3214 1518 3285 praeter
1544 3202 1930 3279 catholicam,
1965 3205 2027 3261 in
2058 3225 2163 3263 cu-

52 3297 148 3370 jus
192 3294 364 3352 solius
397 3299 832 3360 conservatione
872 3298 1086 3359 divinae
1135 3299 1362 3358 virtutis
1402 3297 1650 3358 efficacia
1689 3298 1911 3374 elucet,
1952 3309 2018 3357 ut
2044 3302 2171 3377 jam

61 3389 441 3450 ostendimus,

130 3555 195 3618 (1)
232 3553 373 3604 Cons.
399 3554 679 3621 Spedalieri,
716 3573 775 3624 op
803 3561 881 3608 eit.
914 3556 1118 3607 Analisi
1147 3555 1253 3605 dell’
1277 3574 1431 3607 esame
1461 3559 1629 3608 critico
1657 3558 1711 3606 di
1741 3558 1939 3618 Frena,
1965 3561 2087 3605 tom.
2117 3572 2134 3603 1
2155 3592 2173 3616 7

66 3652 108 3683 c.
131 3652 157 3701 7
178 3674 190 3697 ,
211 3647 297 3686 art.
329 3634 361 3685 8
380 3675 393 3699 ,
422 3655 469 3703 p.
501 3635 615 3687 250.
