2554 4140
2076 167 2196 225 263

708 197 860 234 PROP,
911 195 968 234 V.
1019 195 1090 233 ΒΕ
1130 191 1282 231 Ecct.
1327 188 1580 229 CATHO!,·.

172 334 303 395 137.
348 339 488 394 lust.
525 336 714 395 tertio,
740 336 867 394 Non
900 334 1049 397 satis
1071 330 1610 412 patetquandoque
1634 375 1650 404 ,
1693 323 1933 412 quinam
1964 328 2040 386 sit
2079 330 2196 387 Ro-

86 452 292 489 manus
335 430 595 491 Pontifex
634 430 954 508 legitimu83
995 445 1236 486 romana
1273 435 1555 503 praeterea
1607 423 1853 483 Ecclesia
1895 443 2046 503 saepe
2088 443 2192 480 suo

89 537 316 606 pastore
350 537 541 599 caret,
591 525 726 583 sede
771 533 1041 593 vacante3
1088 540 1223 597 ergo
1260 519 1322 576 in
1359 519 1643 595 ejusmodi
1684 519 1907 579 casibus
1951 518 2199 578 Ecclesia

93 619 325 678 nullum
353 618 594 678 habebit
622 629 846 699 caput-2
872 613 1106 677 nullum-
1133 623 1422 671 centrum.

175 714 312 773 138.
360 716 534 795 Resp.
571 713 724 791 Neq.
766 730 987 787 conseq.
1029 711 1096 767 In
1132 706 1223 765 his
1260 707 1420 766 enim
1450 706 1675 766 casibus
1709 729 1911 768 omnes
1942 708 2209 769 Ecclesiae·

90 808 463 890 particulares
490 805 922 867 communicant
961 824 1095 862 cum
1130 802 1279 861 Sede
1308 804 1568 861 Romana
1590 846 1606 875 a
1657 822 1784 884 quae
1823 805 2010 862 centri
2047 805 2201 863 vices

90 903 324 985 supplet
349 947 365 976 ,
413 913 479 963 ut
512 909 673 981 patet
699 921 771 959 ex
804 909 1086 980 perpetua
1122 897 1306 978 praxi.
1341 897 1580 976 Negotia
1602 942 1617 970 7
1664 917 1798 977 quasv
1831 909 2040 974 urgent
2060 942 2076 969 ‚
2121 898 2202 955 sic

91 996 348 1078 expediri
386 1004 632 1076 possunt
671 993 966 1054 communi
1008 1013 1295 1051 consensu
1326 990 1709 1051 tribunalium
1745 1011 1848 1049 seu
1888 1010 2203 1073 congrega-

90 1093 314 1149 tionum
349 1100 411 1148 et
448 1087 878 1161 Cardinalium,
913 1086 1148 1168 quando
1185 1085 1458 1168 peculiari
1496 1109 1616 1145 non
1654 1084 1919 1164 indigent
1951 1087 2205 1143 Romani

90 1184 380 1243 Pontificis
424 1184 763 1242 auctoritate
789 1227 807 1258 ,
851 1203 980 1263 quae
1016 1181 1275 1264 alioquin
1314 1181 1540 1248 tamdiu
1570 1179 1969 1255 desideratur,
2017 1180 2203 1239 donec

91 1300 281 1339 novus
329 1271 592 1337 Pontifex
638 1277 731 1338 vel
773 1289 961 1337 certus
1005 1276 1364 1355 designetur.
1416 1277 1527 1349 Qui
1579 1275 1733 1334 bona
1773 1274 1891 1334 fide
1937 1278 2210 1357 tem-pore

91 1373 412 1432 schismatis
448 1374 549 1434 uni
579 1373 781 1454 potius
808 1370 1072 1431 Pontifici
1096 1370 1292 1433 dubio.
1310 1371 1617 1431 adhaerent
1647 1391 1824 1451 quam
1850 1371 2015 1430 alteri
2038 1417 2054 1446 ‚
2092 1371 2203 1430 hoc

90 1470 215 1549 ipso
258 1466 636 1548 inculpabiles
679 1476 848 1541 sunt,
892 1477 961 1525 et·
996 1465 1326 1526 virtualiter
1367 1465 1575 1525 saltem
1617 1480 1892 1544 germano
1932 1487 2032 1525 seu
2063 1488 2202 1526 vero

94 1562 328 1620 unitatis
353 1561 526 1642 capiti
553 1560 854 1620 adhaerent
883 1561 989 1644 (l).

83 1755 242 1818 primis
290 1754 576 1801 confessione
627 1752 990 1801 adversariorum
1039 1751 1097 1801 de

86 1853 174 1884 usu
205 1836 565 1900 appellationum
591 1835 650 1883 ad
677 1834 942 1883 Romanum
977 1834 1098 1882 Pou-

88 1917 259 1970 tificem
296 1935 350 1965 ex
387 1927 515 1981 parte
549 1916 858 1965 Ecclesiarum
897 1918 1100 1963 orienta-

89 1997 204 2046 lium
229 2035 242 2057 ‚
286 2007 356 2046 1v⁰
393 1997 606 2045 Ecclesiae
636 1997 802 2045 saeculo
829 2034 842 2056 ,
879 1998 1097 2044 sciscitari

88 2098 333 2145 possumus
349 2098 372 2128 a
396 2080 670 2128 Wetsteinio
685 2090 729 2128 et
748 2078 959 2139 Gibbon,
976 2094 1102 2145 quae-

93 2180 202 2209 nam
244 2180 451 2227 unquam
498 2179 601 2225 pars
642 2165 699 2208 sit
720 2198 733 2220 ,
775 2179 875 2227 quae
915 2162 1103 2209 vincere

95 2261 191 2291 non
208 2240 383 2308 cupiat?
405 2243 538 2291 Certe
555 2246 652 2308 ipse
667 2242 900 2291 Nestorius
922 2246 1103 2292 vincere

91 2329 282 2392 cupiens
297 2326 494 2375 Romam
509 2327 779 2390 confugerat
799 2363 814 2385 ‚
841 2337 886 2374 at
901 2326 1066 2374 frustra
1087 2342 1101 2387 ;

91 2411 206 2455 ratio
220 2418 306 2465 est,
326 2410 453 2473 quia,
470 2425 575 2454 cum
593 2408 800 2454 haeresim
822 2406 1099 2465 induxisset,

92 2508 192 2556 quae
216 2507 459 2555 nunquam
489 2492 540 2537 in
567 2489 692 2539 Petri
717 2489 934 2542 cathedra
948 2489 1103 2536 locum

93 2572 262 2620 habere
288 2581 467 2637 potest,
514 2572 626 2618 hinc
664 2571 836 2618 nedum
871 2573 1102 2634 vinceret,

98 2657 243 2707 victus
258 2663 325 2701 est
345 2690 359 2712 ‚
381 2655 466 2717 ipsi
490 2652 737 2700 obsistente
752 2652 965 2700 Romano
986 2652 1106 2700 Pon-

98 2735 237 2784 tifice.
270 2732 562 2783 Sciscitamur
596 2734 829 2791 secundo,
872 2735 1106 2798 quomodo

98 2833 122 2864 a
143 2816 354 2866 Romano
380 2816 603 2864 pontifice
630 2825 675 2863 et
694 2815 931 2880 Episcopis
955 2808 1109 2865 latinis

99 2901 295 2961 opprimi
310 2899 542 2963 potuerint
556 2896 810 2945 Orientales
821 2897 1108 2957 dissidentes,

102 2990 300 3045 tempore
333 2982 730 3044 persecutionum,
766 2998 911 3045 quum
953 2990 1109 3029 tamen

101 3071 275 3126 certum
315 3065 404 3120 sit,
445 3065 543 3129 jam
587 3070 662 3111 ιη’)
696 3061 909 3111 Ecclesiae
945 3063 1109 3111 saeculo

101 3143 259 3193 Romae
291 3155 553 3195 accusatum
577 3145 714 3195 fuisse
744 3145 939 3194 Paulum
959 3164 1108 3195 samo·

99 3237 306 3275 satenum
340 3227 426 3276 sub
451 3227 730 3292 Imperatore
768 3228 1015 3276 Aureliano
1050 3231 1110 3277 ob

101 3313 354 3368 novitates,
401 3327 513 3375 quas
557 3310 853 3359 disseminare
879 3321 1108 3375 coeperat,

103 3404 239 3459 atque
255 3411 280 3443 a
301 3393 507 3442 Romano
523 3394 744 3443 Pontifice
756 3394 952 3442 Paulum
974 3395 1111 3442 fuisse

67 3489 76 3500 ·
102 3474 358 3539 depositum
382 3492 396 3537 3
424 3476 549 3540 quod
579 3493 684 3524 cum
701 3477 989 3525 intellexisset
1012 3476 1114 3523 Im-

103 3567 282 3618 perator
318 3557 593 3604 Aurelianus
607 3593 621 3618 ,
646 3560 726 3623 qui
754 3558 810 3606 ad
830 3557 1110 3622 Episcopum

104 3635 365 3687 Romanum
391 3638 598 3705 querelas
616 3639 701 3688 sibi
728 3640 900 3699 delatas
921 3642 1110 3691 remise-

1180 1763 1284 1813 rat,
1319 1770 1427 1802 enm
1452 1753 1589 1801 exilio
1622 1749 1878 1800 mulctavit.
1918 1752 2026 1801 Vid.
2055 1752 2202 1801 Euse-

1182 1835 1322 1894 bius-K,
1361 1835 1501 1884 Hist.
1534 1834 1697 1883 eccles.
1730 1834 1819 1883 lib.
1853 1853 1916 1884 vn
1943 1874 1955 1894 ,
1988 1853 2088 1901 cap.
2119 1837 2205 1885 30.

1251 1918 1318 1980 (Ι)
1344 1916 1466 1966 Sane
1482 1917 1680 1965 Ecclesia
1703 1918 1953 1965 nonnullos
1975 1955 1988 1978 ,
2014 1921 2094 1983 qui
2117 1916 2205 1966 fal·
2259 1902 2264 1907 .

1182 2002 1243 2047 sis
1258 1998 1557 2047 Pontificibus
1574 2035 1587 2058 ‚
1607 2016 1757 2047 errore
1772 1998 1947 2064 decepti
1965 2036 1979 2060 ,
1999 1985 2204 2048 adhaese-

1184 2090 1323 2138 rant,
1357 2081 1484 2128 fastis
1513 2082 1606 2127 suis
1634 2080 1891 2142 adscripsit.
1924 2080 2063 2128 Juvat
2085 2099 2207 2129 non-

1184 2163 1314 2211 nulla
1336 2164 1413 2210 hic
1441 2162 1647 2226 exempla
1672 2161 1849 2210 afferre.
1879 2162 1965 2211 Die
1995 2162 2049 2209 31
2087 2163 2204 2212 Maii

1185 2247 1234 2292 in
1282 2242 1631 2307 Affartyroloqio
1688 2259 1885 2290 romano
1936 2246 2108 2293 mentio
2152 2245 2207 2293 fit

1185 2323 1236 2375 S.
1274 2325 1539 2383 paschasii,
1575 2327 1660 2390 qui
1687 2341 1834 2374 errore
1860 2325 2085 2391 deceptus
2122 2327 2209 2376 ad-

1186 2409 1313 2455 haesit
1332 2408 1568 2456 schismati
1594 2405 1830 2456 Laurentii
1859 2410 2087 2473 antipapae
2113 2410 2197 2457 ad·

1190 2508 1341 2539 versus
1384 2489 1434 2539 S.
1484 2489 1825 2556 Symmachum
1850 2526 1866 2552 ‚
1903 2490 1962 2538 de
2010 2508 2103 2556 quo
2142 2493 2208 2539 sic

1189 2572 1348 2620 scribit
1377 2568 1427 2620 S.
1463 2570 1704 2634 Gregorius
1736 2571 1938 2635 Magnus
1959 2608 1972 2629 ‚
2003 2571 2089 2619 lib.
2127 2590 2173 2620 xv
2194 2609 2208 2631 ‚

1193 2652 1377 2715 Dialoq.
1400 2669 1502 2716 cap.
1534 2650 1598 2713 4ο
1624 2664 1667 2700 et
1699 2651 1758 2716 41
1796 2669 1811 2700 ε
1839 2652 1946 2718 Qui
1961 2654 2092 2700 enim
2111 2669 2210 2700 non

1188 2731 1390 2781 malitiae
1423 2732 1505 2780 sed
1541 2735 1830 2796 iqnomn'tiae
1857 2750 2013 2781 errore
2035 2750 2210 2799 pecca·-

1189 2822 1351 2872 verat‚
1364 2816 1577 2878 purqari
1598 2821 1711 2878 post
1740 2824 1935 2862 mortem
1955 2832 1985 2863 α
2007 2826 2206 2882 peccato

1187 2897 1361 2960 potuit.
1371 2895 1734 2944 Vid.Baronium
1754 2899 1805 2944 in
1819 2896 1966 2944 Notis
1978 2897 2043 2945 ad
2060 2901 2207 2947 Mar-

1191 2986 1286 3041 }yr.
1319 2993 1439 3025 rom.
1466 2977 1556 3024 loc.
1580 2980 1656 3025 cit.
1677 2977 1754 3026 Sic
1772 2979 1859 3026 sub
1880 2979 1954 3027 die
1971 2977 2022 3028 5ἱι
2041 2980 2208 3045 Aprilis

1192 3071 1452 3111 recensetur
1467 3079 1646 3112 nomen,
1666 3060 1716 3110 S.
1734 3061 1967 3111 Vincentii
1981 3062 2015 3110 F
2019 3067 2172 3112 errerii
2192 3101 2207 3123 ,

1194 3161 1333 3209 quem
1358 3142 1591 3190 schismati
1612 3142 1848 3192 Benedicti
1862 3140 1943 3192 xm
1958 3146 2203 3210 antipapae‚

1194 3225 1355 3273 eodem
1384 3241 1534 3272 errore
1561 3224 1804 3288 deceptum
1823 3261 1836 3283 ,
1854 3225 1912 3273 ad
1929 3235 2109 3290 tempus
2131 3226 2208 3274 ad·

1194 3306 1377 3354 haesisse
1414 3315 1608 3353 constat.
1655 3304 1708 3352 Β.
1743 3304 1903 3354 Petrus
1941 3305 2209 3357 luxembur-

1195 3391 1344 3454 gensis
1362 3391 1513 3436 vivere
1528 3389 1658 3437 desiit
1676 3426 1689 3448 ‚
1721 3407 1869 3455 quum
1884 3387 1976 3441 adh
1984 3406 2041 3438 uc
2052 3389 2208 3438 adhae.

1196 3482 1313 3521 reret
1333 3471 1566 3520 schismati
1597 3474 1825 3537 antipapae¹
1840 3471 2090 3521 Clementis
2110 3487 2174 3519 vu
2191 3507 2206 3530 ‚

1194 3572 1326 3622 aquo
1348 3566 1526 3604 creatus
1546 3557 1695 3605 fuerat
1711 3554 1969 3604 Cardinalis
1989 3590 2002 3614 ‚
2027 3563 2071 3602 et
2086 3556 2211 3604 inter

1195 3639 1355 3689 Beatos
1401 3659 1427 3688 a
1470 3657 1578 3689 vero
1622 3639 1857 3694 Pontifices
1884 3637 2089 3705 ejusdem
2125 3655 2214 3686 no-
