2554 4140
621 156 774 192 paor.
818 156 875 192 x.
925 157 994 191 nn
1037 155 1246 192 swan.
1295 153 1546 191 Pnoras'r.
1859 128 1860 131 ¹
2020 135 2133 194 317

33 294 374 354 infidelitate
417 295 610 377 aliqua
655 283 928 356 haeretica
969 306 1122 355 secta
1161 294 1236 353 ad
1274 294 1491 354 Christi
1529 294 1711 355 fidem
1756 299 2131 358 converterit.

32 388 214 467 Hujus
238 390 558 450 sterilitatis
574 393 785 451 conscii
797 389 1059 451 'haeretici
1082 388 1410 449 infidelium
1434 391 1876 451 conversionem
1903 392 2137 474 penitus

33 485 414 563 neglexerunt
434 532 450 560 ,
497 486 589 546 vel
621 487 884 546 animum
910 483 1349 564 desponderunt
1371 497 1504 566 post
1527 485 1778 545 infelicia
1811 489 2135 548 tentamina

33 580 338 662 nullosque
365 602 690 657 successuS,
733 603 800 641 ac
835 598 1066 659 semper
1095 576 1170 635 ad
1200 577 1414 636 Christi
1447 579 1647 639 fideles
1683 603 1785 641 seu
1815 583 2138 644 Catholicos

6 669 458 755 pervertendos
475 675 733 735 studium
758 694 932 733 omne
963 671 1396 731 adhibuerunt:
1435 675 1583 734 Cum
1606 678 1709 735 hoc
1733 681 1813 735 sit
1842 683 2139 758 neyotium

31 772 152 828 illis
181 770 578 848 (haereticis),
616 781 682 828 ut
702 773 825 847 jam
858 768 1087 848 scripsit
1130 776 1535 848 suotempore
1564 770 1954 832 Tertullianus
1975 819 1991 848 .,
2018 796 2141 834 non

27 865 87 923 E
90 866 309 925 clinicos
324 865 731 932 convertendi,
751 863 855 921 sed
879 873 1105 921 nostros
1132 864 1461 934 evertendi,
1487 863 1642 922 lianc
1666 872 1861 944 mayis
1878 870 2138 946 ylorz'am

28 971 276 1038 captant
288 1001 311 1031 ,
334 963 391 1018 si
402 960 702 1017 stantibus
719 963 996 1029 ruinam,
1021 979 1142 1016 non
1164 962 1224 1016 si
1224 959 1579 1036 jacentibus
1601 960 2140 1042 elevationemope-

29 1065 276 1121 rentum
309 1058 602 1133 quoniam
623 1064 677 1111 et
704 1058 906 1131 ipsum
940 1073 1086 1130 opus
1116 1074 1321 1111 eorum
1346 1074 1465 1111 non
1493 1054 1562 1111 cle
1585 1075 1691 1112 suo
1721 1060 1972 1132 proprio
1991 1059 2141 1115 oedz‘-

17 1151 155 1227 ficio
180 1154 370 1218 venit,
407 1150 510 1208 sed
535 1151 605 1207 de
644 1153 912 1208 veritatis
948 1151 1356 1209 destructione.
1395 1150 1614 1210 Nostra
1659 1153 2026 1231 suffodiunt,
2076 1165 2144 1212 ut
2183 1168 2217 1215 j

26 1265 132 1302 sua
163 1244 452 1322 oedificent
474 1244 582 1323 (l).
620 1245 697 1302 Ac
725 1243 855 1303 talis
884 1255 1221 1303 constanter
1244 1246 1509 1304 omnium
1535 1245 1940 1306 haereticorum
1969 1247 2142 1307 indo-

28 1337 110 1396 les
142 1338 253 1396 fuit
279 1384 295 1412 ,
327 1337 459 1396 talis
487 1348 770 1419 perpetua
805 1344 1007 1398 eorum
1049 1338 1257 1426 agendi
1292 1340 1459 1399 ratio.

105 1432 248 1490 243.
299 1433 376 1491 Ac
405 1432 654 1513 proinde
687 1433 770 1490 ita
793 1453 854 1491 se
887 1433 1062 1511 gessit
1088 1434 1619 1513 protestantismuS.
1646 1434 1734 1495 Ab
1763 1437 1931 1496 initio
1955 1438 2142 1498 refor-

30 1530 303 1589 mationis
326 1574 342 1602 ,
367 1540 432 1586 ut
456 1529 566 1609 ipsi
598 1539 814 1588 vocant
835 1572 851 1601 ,
885 1527 960 1587 de
994 1530 1371 1590 conversione
1393 1530 1718 1590 infidelium
1749 1534 2141 1594 Protestantes

27 1643 103 1682 ne
126 1623 452 1701 cogitarunt
475 1621 736 1703 quidem.
766 1622 987 1682 Omnes
1017 1645 1222 1682 eorum
1245 1625 1708 1686 machinationes
1740 1627 2141 1707 dirigebantur

25 1715 101 1774 ad
124 1716 560 1798 perversionem
584 1718 1017 1777 Catholicorum
1039 1763 1057 1794 ,
1094 1719 1170 1777 ad
1203 1721 1653 1801 extirpationem
1694 1723 1954 1805 antiquae
1985 1724 2140 1784 fidei.

25 1813 182 1870 Licet
211 1832 348 1873 vero
388 1812 690 1872 nonnulla:
713 1815 1146 1893 protestanticae
1169 1814 1512 1896 respublicae
1538 1816 1814 1877 classibus
1838 1820 2142 1879 instructae

25 1917 251 1982 essent,
288 1918 346 1965 et
375 1908 670 1965 maritimo
694 1909 1025 1988 potirentur
1051 1909 1300 1990 imperio
1325 1955 1340 1983 .,
1377 1910 1586 1991 quibus
1625 1912 1893 1972 subsidiis
1917 1915 2003 1973 uti
2030 1937 2142 1997 po·

24 2002 273 2060 tuissent
308 2000 384 2060 ad
420 2001 635 2061 Christi
658 2001 850 2062 ,fidem
888 2004 1043 2062 inter
1075 2025 1331 2086 paganos
1373 2004 1903 2085 disseminandam,
1946 2009 2019 2069 iis
2053 2012 2140 2070 uti

26 2095 359 2155 maluerunt
400 2096 477 2156 ad
518 2097 826 2157 catholicas
870 2099 1174 2159 missiones
1211 2100 1594 2177 evertendaS,
1641 2114 1707 2162 ut
1744 2125 1804 2163 se
1839 2118 2141 2184 gesserunt

23 2192 260 2266 Batavi,
283 2204 342 2250 et
364 2191 479 2251 heu
501 2193 678 2252 nimis
701 2193 854 2252 felici
872 2215 1133 2253 successu
1157 2195 1167 2252 !
1188 2196 1262 2254 In
1280 2198 1315 2254 J
1319 2197 1527 2276 aponia
1546 2200 1867 2278 praesertim
1888 2211 1948 2259 et
1963 2200 2139 2260 Indiis
2217 2263 2221 2269 ,

23 2285 429 2345 ὀΓίθιιῐειΙίΒυε.
453 2288 579 2346 Imo
607 2299 673 2346 ut
703 2291 1096 2350 protestantes
1124 2289 1232 2349 zeli
1262 2290 1554 2363 defectum
1582 2292 1644 2350 in
1677 2294 1968 2373 Evangelii
1998 2317 2141 2376 pro-

29 2383 336 2462 pagatione
366 2393 628 2461 tegerent
647 2427 663 2456 ,
703 2382 1077 2443 declarabant
1109 2385 1351 2444 minime
1388 2407 1496 2466 per
1528 2389 1943 2448 conscientiam
1967 2388 2141 2451 licere

22 2496 274 2555 paganos
312 2477 506 2535 insua
545 2477 662 2536 fide
694 2477 964 2553 turbare,
999 2491 1176 2561 atque
1200 2481 1263 2538 in
1292 2481 1660 2563 Dordracena
1691 2483 1912 2563 synodo
1952 2484 2142 2563 objec-

25 2569 169 2629 tioni
195 2573 795 2631 Remonstratentium
825 2573 1259 2654 respondebant
1294 2596 1308 2632 :
1345 2561 1469 2654 Qui
1494 2580 1622 2634 sine
1639 2580 1949 2654 peculiari
1970 2601 2140 2638 voca-

24 2666 177 2724 tione
212 2676 268 2723 et
289 2671 565 2725 missione
602 2671 860 2746 paganis
889 2670 1291 2746 Evangelium
1328 2676 1701 2740 annunciat,
1729 2673 1853 2731 hoec
1889 2677 1956 2731 in
2001 2695 2140 2733 eum

27 2761 289 2834 quadrat
309 2760 578 2838 Apostoli
599 2765 771 2818 Petri
793 2763 1149 2841 ohy‘urqati'O,
1172 2763 1335 2841 quod
1351 2785 1407 2821 se
1435 2766 1701 2824 videlicet
1721 2768 1896 2825 rebus
1922 2769 2139 2828 alienis

28 2855 390 2923 immisceat,
427 2856 738 2933 Deumque
763 2853 969 2927 tentet,
1001 2877 1139 2915 cum
1169 2860 1299 2916 sine
1328 2862 1625 2917 vocatione
1654 2871 1815 2919 tanto
1846 2884 1904 2922 se
1936 2864 2143 2942 objicit

22 2951 314 3024 periculo.
330 2946 825 3029 Subsequentibus
843 2950 1203 3032 temporibus
1226 2951 1479 3011 decanus
1493 2955 1910 3015 cantuariensis
1925 2958 1986 3015 in
2006 2979 2139 3018 ora-

27 3041 186 3101 tione
217 3042 417 3101 habita
441 3065 635 3113 coram
659 3066 792 3124 rege
819 3045 1037 3125 Angliae
1061 3046 1353 3107 asserebat
1378 3049 1602 3108 nemini
1630 3048 1838 3125 licere,
1867 3053 2010 3133 quin
2040 3053 2140 3112 ha-

26 3134 194 3210 heat,
224 3148 291 3195 ut
314 3138 604 3219 Apostoli,
637 3140 1161 3200 extraordinarium
1192 3142 1538 3202 mandatum
1560 3188 1575 3216 ,
1606 3143 1869 3226 illudque
1891 3146 2139 3228 probare

27 3231 228 3312 possit,
247 3231 582 3311 religionem
598 3235 708 3295 etsi
722 3234 926 3294 falsam
943 3237 1190 3316 regionis
1205 3236 1442 3316 alicujus
1459 3238 1689 3318 aggredi
1709 3285 1724 3314 ,
1754 3239 2138 3324 hominesque

29 3323 101 3382 ab
127 3329 247 3403 ejus
269 3326 620 3407 professione
643 3321 857 3389 ¹contra
901 3332 1272 3411 magistratus
1298 3332 1665 3394 voluntatem
1688 3333 1992 3397 'dimovere
2016 3337 2131 3417 (2).

91 3488 161 3549 (l)
201 3487 267 3537 De
296 3490 558 3557 Proescrip.
584 3510 684 3557 cap.
707 3492 816 3543 xt'n.
1123 3514 1200 3561 ger
1219 3534 1232 3555 ‚
1256 3513 1348 3545 sac·
1365 3496 1531 3546 Theol.
1553 3497 1684 3548 Doct.
1702 3510 1748 3547 et
1767 3498 1962 3548 Profess.
1986 3500 2133 3549 ordin.

93 3570 155 3633 (2)
192 3570 334 3622 Cons.
384 3572 522 3623 Hist.
567 3573 732 3627 eccles.
774 3575 837 3626 D.
874 3576 1043 3644 Hortig
1124 3580 1174 3627 in
1197 3575 1491 3629 universitate
1511 3579 1842 3630 monachiensi.

25 3654 295 3704 continuata
322 3673 348 3703 a
379 3653 487 3705 Joh.
517 3655 612 3707 Jos.
644 3657 800 3725 Ignat-
829 3657 1041 3709 Doellin-
