2554 4140
2036 124 2150 183 127

398 146 519 182 CAP.
567 145 648 185 IV.
698 146 766 182 DE
810 145 989 185 EXIST.
1038 145 1153 186 mv.
1204 146 1273 182 AC
1316 144 1619 183 SUPERNAT.
1662 145 1791 182 BEV.

49 286 342 368 loquendo
364 286 437 346 de
461 309 561 345 sua
594 286 1012 346 resurrectione
1034 327 1052 358 ‚
1088 282 1339 342 adducto
1363 296 1640 364 praeterea
1667 284 1933 366 exemplo
1958 288 1994 344 J
1997 307 2121 346 onae
2138 332 2154 362 ‚

50 395 118 442 ut
140 405 211 443 ex
241 383 426 442 allatis
453 383 796 442 testimoniis
825 379 1022 462 palam
1055 379 1157 454 fit,
1141 400 1154 412 ·
1197 377 1455 458 alioquin
1490 379 1639 438 nihil
1676 380 1924 462 amplius
1962 381 2159 442 deter-

51 479 260 538 minati
294 478 498 538 habeti
526 487 739 558 posset.

135 573 274 632 320.
328 574 413 633 Ad
446 574 600 646 10¹⁰,
635 570 793 649 Neq.
823 566 1210 648 suppositum.
1247 567 1382 625 Haec
1409 567 1569 624 enim
1542 526 1883 642 Qententia
1923 572 2158 654 probari

50 670 172 730 non
207 681 430 752 potest
465 666 576 726 nisi
599 687 630 723 a
658 663 960 723 neotericis
983 659 1354 719 rationalistis
1378 670 1564 720 totam
1595 661 1932 741 religionem
1959 667 2147 726 chris-

51 767 272 824 tianam
293 759 707 823 evertentibus.
744 758 1034 836 Negamus
1059 755 1212 814 dicta
1239 754 1453 814 Christi
1479 776 1601 815 esse
1637 756 1938 836 allegorica
1956 804 1973 834 ,
2001 762 2160 842 quod

51 861 163 939 ipsi
205 877 506 939 nunquam
552 852 900 925 ostendent3
955 862 1013 911 et
1054 850 1243 909 multo
1280 851 1472 908 minus
1517 851 1886 910 concedimus
1919 875 1984 912 ea
2021 876 2162 915 con-

51 956 188 1014 ferri
231 973 399 1035 posse
433 971 566 1009 cum
595 947 694 1007 illa
729 946 981 1029 generali
1011 943 1343 1005 futurorum
1373 945 1723 1005 obscuritate
1749 990 1766 1020 ‚
1789 946 1883 1016 ‚de
1923 969 2038 1029 qua
2072 948 2163 1008 lo-

54 1051 252 1130 quitur
279 1044 586 1128 Apostolus
618 1043 727 1103 loc.
765 1044 864 1102 cit.
886 1089 901 1118 ,
940 1064 1073 1101 cum
1109 1041 1262 1101 clara
1301 1042 1443 1101 adeo
1487 1041 1701 1101 Christi
1734 1040 1908 1101 effata
1946 1043 2021 1103 de
2062 1066 2164 1103 sua

52 1144 244 1202 futura
269 1140 691 1218 resurrectione
723 1139 841 1197 sint
883 1149 942 1197 et
982 1149 1182 1220 aperta
1213 1183 1229 1211 ,
1277 1147 1341 1196 ut
1371 1138 1612 1219 quisque
1644 1135 1854 1196 debeat
1888 1136 1999 1197 sibi
2042 1139 2166 1198 vim

48 1239 261 1298 inferre
280 1282 296 1310 ‚
333 1237 381 1295 si
405 1235 480 1294 ad
512 1234 692 1293 alium
716 1254 952 1292 sensum
980 1254 1046 1292 ea
1077 1231 1219 1294 velit
1241 1231 1622 1313 detorquere,
1656 1232 1807 1291 acin
1838 1232 2158 1293 meridiana

52 1335 186 1394 luce
241 1333 520 1392 caecutire.
571 1329 739 1403 Quod
780 1340 1003 1410 spectat
1044 1328 1119 1386 ad
1162 1327 1424 1389 divinam
1475 1326 1940 1408 providentiam,
1987 1350 2165 1410 quam

52 1427 375 1488 istiusmodi
411 1425 675 1485 homines
706 1422 1032 1482 obtrudunt
1057 1468 1072 1497 ,
1117 1427 1244 1501 jam
1279 1422 1540 1504 superius
1581 1422 1991 1504 respondimus
2032 1445 2161 1483 eam

51 1547 171 1582 non
199 1544 364 1605 posse
395 1521 666 1593 admitti,
698 1529 907 1597 negata
938 1517 1022 1577 rei
1059 1519 1301 1577 veritate
1320 1562 1337 1594 7
1379 1518 1514 1600 quia
1547 1517 1610 1575 in
1637 1537 1898 1578 errorem
1935 1519 2164 1579 ineluc-

52 1618 306 1677 tabiliter
330 1616 550 1675 inducti
576 1636 850 1674 essemus,

134 1713 272 1771 321.
322 1712 409 1770 Ad
429 1712 574 1783 llm,
601 1710 752 1790 Ney.
770 1711 905 1768 Haec
924 1719 1012 1768 est
1028 1708 1185 1767 enim
1204 1730 1363 1767 mera
1385 1707 1770 1790 blasphemia.
1796 1709 1966 1769 Certe
1987 1712 2166 1792 Apos-

52 1807 203 1867 tolus
230 1807 395 1866 aliter
439 1804 764 1880 sentiebat,
803 1804 949 1862 dum
979 1805 1046 1881 (1
1084 1805 1215 1862 Cor.
1252 1805 1352 1862 XV
1378 1849 1393 1878 ,
1440 1803 1516 1861 14
1546 1816 1605 1863 et
1633 1804 1707 1862 15
1734 1806 1756 1883 )
1794 1804 2012 1864 diceret
2054 1827 2066 1862 :
2097 1807 2172 1864 Si

57 1905 329 1964 Christus
377 1924 498 1961 non
544 1905 878 1963 resurrexit
903 1944 924 1973 ,
968 1905 1179 1959 inanis
1221 1911 1306 1959 est
1341 1922 1475 1980 erqo
1507 1902 1870 1980 praedicatio
1913 1913 2118 1961 nostra
2141 1945 2165 1974 ,

53 2004 261 2058 inanis
301 2008 384 2056 est
414 2008 470 2056 et
491 1997 638 2075 fides
679 2006 919 2068 nostra,
967 2002 1323 2055 invenimur
1361 2006 1562 2055 autem
1598 1999 1755 2075 falsi
1785 2007 1945 2056 testes
1959 2041 1981 2068 ,
2019 2019 2167 2076 quo—

51 2099 225 2152 niam
258 2097 661 2152 testimonium
699 2092 972 2150 diximus
1010 2093 1297 2150 adversus
1340 2093 1576 2162 Deum,
1609 2093 1770 2171 quod
1792 2096 2172 2150 suscitaverit

64 2189 367 2248 Christum
389 2231 411 2259 ,
471 2209 643 2266 quem
698 2208 819 2245 reon
874 2191 1189 2245 suscitavit
1240 2187 1350 2267 (l).
1413 2188 1544 2245 Non
1599 2187 1773 2265 igitur
1826 2187 2168 2246 resurrectio

52 2284 268 2344 Christi
287 2330 302 2358 a
335 2284 438 2344 sed
461 2286 704 2343 istorum
725 2282 1222 2342 rationalistarum
1250 2294 1564 2363 systemata
1589 2282 1831 2342 dicenda
1869 2292 2007 2341 sunt
2033 2304 2168 2361 my·

49 2381 143 2438 tbi
165 2384 422 2460 poetici,
459 2381 522 2438 in
562 2379 772 2461 quihus
815 2399 954 2440 vere
997 2389 1366 2439 evanuerunt
1416 2378 1479 2436 in
1519 2377 1961 2457 cogitationibus
2012 2378 2164 2450 sui5‚

53 2474 189 2534 talia
220 2475 568 2534 effutienteS.

118 2716 192 2781 (l)
230 2719 296 2766 Ex
326 2719 415 2767 hoc
437 2736 546 2766 vero
564 2718 698 2766 Pauli
723 2727 851 2766 textu
881 2734 1069 2766 rursum
1099 2745 1102 2748 -
1155 2718 1270 2765 tiori
1293 2718 1487 2780 inqenio
1504 2716 1797 2779 induerant3
1827 2717 1910 2764 sed
1923 2715 2018 2765 solo
2038 2716 2171 2765 illius

56 2801 445 2865 deprehendimus
470 2817 609 2865 quam
648 2799 763 2848 falso
791 2799 1065 2864 Wegschei-

59 2883 173 2944 der,
204 2882 295 2948 Op.
323 2885 402 2931 cit.
425 2897 528 2946 pag.
550 2883 579 2930 3
599 2918 613 2941 ‚
645 2899 744 2946 cap.
763 2879 856 2947 2‚§
886 2881 1003 2942 131,
1021 2900 1071 2930 n.

65 2980 107 3012 e.
136 2965 301 3013 scribat
341 2980 354 3011 ε
386 2962 553 3028 Neque
583 2972 743 3012 tamen
783 2972 930 3011 totam
959 2962 1072 3011 reli-

62 3046 220 3109 qiom's
267 3044 544 3093 christianae
607 3047 852 3094 veritatem
896 3061 954 3092 ex
993 3044 1078 3093 hoo

66 3125 161 3173 solo
171 3127 297 3190 facto
313 3129 327 3191 (
345 3130 684 3186 resurrectionis
705 3128 724 3193 )
732 3127 939 3192 pendere
959 3143 1072 3175 con-

64 3208 321 3258 tendimus.
375 3209 529 3258 Haud
582 3213 710 3258 enim
762 3213 1042 3275 iqnoramus
1062 3248 1076 3272 ,

67 3291 198 3356 quod
220 3293 330 3356 quis
353 3308 514 3339 veram
539 3291 792 3357 reliqionis
812 3293 1080 3341 doctrinam

65 3375 404 3439 proposuerit,
429 3375 484 3422 id
505 3377 706 3423 minime
713 3376 918 3441 probari
940 3392 1079 3441 posse

63 3472 115 3502 re
155 3454 365 3519 quadam
422 3457 478 3502 in
517 3456 645 3519 facto
683 3460 844 3523 posita
880 3496 892 3518 ‚
933 3474 1077 3522 quam

56 3538 216 3600 pauci
238 3543 424 3583 tantum
451 3543 585 3600 testes
613 3547 952 3601 coqnooerunt,
983 3539 1079 3585 mi-

64 3615 310 3682 raculique
339 3618 541 3683 speciem
560 3616 673 3666 olim
690 3636 782 3684 pro
808 3621 901 3668 aevi
922 3617 1079 3667 incal-

1156 2806 1436 2862 arqumento
1457 2815 1566 2845 cam
1596 2814 1727 2845 sanae
1745 2799 1950 2845 rationis
1972 2800 2169 2864 princi-

1149 2898 1187 2945 p
1196 2880 1260 2927 iis
1268 2880 1689 2927 beneoonveniente
1702 2881 1949 2928 veritatem
1968 2881 2171 2929 ostendi.

1158 2961 1363 3012 Accedit
1403 2961 1528 3026 qaod
1547 2959 1690 3010 Jesus
1711 2963 1817 3027 ipse
1837 2971 1947 3027 post
1964 2962 2172 3010 reditum

1160 3046 1217 3091 in
1248 3046 1398 3092 vitam
1434 3043 1702 3092 doctrinam
1747 3061 1887 3092 suam
1934 3061 2174 3109 nusquam

1161 3126 1276 3174 huic
1317 3128 1388 3174 rei
1446 3127 1589 3190 quasi
1643 3125 1958 3190 fundamento
2010 3142 2174 3191 super-

1162 3211 1393 3257 struoeisse
1426 3208 1652 3257 traditur.
1689 3209 1823 3257 Mitto
1854 3209 2094 3257 mendacia
2130 3219 2174 3256 et

1164 3292 1381 3340 falsitates
1410 3294 1461 3339 in
1492 3289 1561 3339 his
1584 3289 1737 3339 verbis
1766 3300 2000 3356 congestas
2023 3289 2173 3351 ;illud

1164 3371 1315 3421 solum
1362 3373 1673 3421 animadverto
1695 3408 1709 3430 ,
1738 3373 1863 3439 quod
1904 3375 1941 3421 si
1969 3373 2066 3419 haec
2089 3370 2172 3418 ad-

1165 3457 1483 3516 mitterentur,
1517 3457 1736 3503 mentitus
1766 3456 2044 3521 apertissime
2059 3453 2174 3500 fuis-

1161 3547 1227 3586 set
1254 3536 1498 3602 Apostolus
1536 3537 1621 3585 loc.
1660 3539 1742 3585 cit.
