<?xml version="1.0" encoding="UTF-8"?>
<!DOCTYPE html PUBLIC "-//W3C//DTD XHTML 1.0 Transitional//EN"
    "http://www.w3.org/TR/xhtml1/DTD/xhtml1-transitional.dtd">
<html xmlns="http://www.w3.org/1999/xhtml" xml:lang="en" lang="en">
 <head>
  <title>
</title>
<meta http-equiv="Content-Type" content="text/html;charset=utf-8" />
  <meta name='ocr-system' content='tesseract 3.04.00' />
  <meta name='ocr-capabilities' content='ocr_page ocr_carea ocr_par ocr_line ocrx_word'/>
</head>
<body>
  <div class='ocr_page' id='page_1' title='image "a603693801perruoft_0294.png"; bbox 0 0 2554 4140; ppageno 0'>
   <div class='ocr_carea' id='block_1_1' title="bbox 311 125 432 185">
    <p class='ocr_par' dir='ltr' id='par_1_1' title="bbox 311 125 432 185">
     <span class='ocr_line' id='line_1_1' title="bbox 311 125 432 185; baseline 0.008 -1"><span class='ocrx_word' id='word_1_1' title='bbox 311 125 432 185; x_wconf 82' lang='lat'><strong>270</strong></span> 
     </span>
    </p>
   </div>
   <div class='ocr_carea' id='block_1_2' title="bbox 945 146 1810 190">
    <p class='ocr_par' dir='ltr' id='par_1_2' title="bbox 945 146 1810 190">
     <span class='ocr_line' id='line_1_2' title="bbox 945 146 1810 190; baseline 0.01 -9"><span class='ocrx_word' id='word_1_2' title='bbox 945 148 1012 182; x_wconf 83' lang='lat' dir='ltr'><strong>DE</strong></span> <span class='ocrx_word' id='word_1_3' title='bbox 1058 146 1211 183; x_wconf 68' lang='lat' dir='ltr'>VERA</span> <span class='ocrx_word' id='word_1_4' title='bbox 1256 148 1379 184; x_wconf 69' lang='lat' dir='ltr'><strong>REI..</strong></span> <span class='ocrx_word' id='word_1_5' title='bbox 1424 147 1559 187; x_wconf 73' lang='lat' dir='ltr'><strong>ADV·</strong></span> <span class='ocrx_word' id='word_1_6' title='bbox 1597 152 1810 190; x_wconf 76' lang='lat' dir='ltr'><strong>HETER.</strong></span> 
     </span>
    </p>
   </div>
   <div class='ocr_carea' id='block_1_3' title="bbox 301 287 2450 2875">
    <p class='ocr_par' dir='ltr' id='par_1_3' title="bbox 303 287 2450 1313">
     <span class='ocr_line' id='line_1_3' title="bbox 311 287 2439 368; baseline 0.004 -15"><span class='ocrx_word' id='word_1_7' title='bbox 311 315 413 354; x_wconf 89' lang='lat' dir='ltr'><strong>seu</strong></span> <span class='ocrx_word' id='word_1_8' title='bbox 429 293 698 353; x_wconf 80' lang='lat' dir='ltr'><strong>resistere</strong></span> <span class='ocrx_word' id='word_1_9' title='bbox 718 287 994 368; x_wconf 78' lang='lat' dir='ltr'><strong>legitimae</strong></span> <span class='ocrx_word' id='word_1_10' title='bbox 1010 290 1344 349; x_wconf 83' lang='lat' dir='ltr'><strong>auctoritati</strong></span> <span class='ocrx_word' id='word_1_11' title='bbox 1362 291 1691 352; x_wconf 86' lang='lat' dir='ltr'><strong>definienti.</strong></span> <span class='ocrx_word' id='word_1_12' title='bbox 1706 295 1847 354; x_wconf 84' lang='lat' dir='ltr'><strong>Jam</strong></span> <span class='ocrx_word' id='word_1_13' title='bbox 1862 317 2004 357; x_wconf 77' lang='lat' dir='ltr'><strong>vero</strong></span> <span class='ocrx_word' id='word_1_14' title='bbox 2023 299 2180 360; x_wconf 84' lang='lat' dir='ltr'><strong>citati</strong></span> <span class='ocrx_word' id='word_1_15' title='bbox 2199 303 2439 363; x_wconf 84' lang='lat' dir='ltr'><strong>africani</strong></span> 
     </span>
     <span class='ocr_line' id='line_1_4' title="bbox 310 378 2436 474; baseline 0.004 -23"><span class='ocrx_word' id='word_1_16' title='bbox 310 387 578 472; x_wconf 86' lang='lat' dir='ltr'><strong>Episcopi</strong></span> <span class='ocrx_word' id='word_1_17' title='bbox 621 385 900 445; x_wconf 80' lang='lat' dir='ltr'><strong>errabant</strong></span> <span class='ocrx_word' id='word_1_18' title='bbox 944 378 1181 467; x_wconf 80' lang='lat' dir='ltr'><strong>quidem</strong></span> <span class='ocrx_word' id='word_1_19' title='bbox 1226 400 1364 448; x_wconf 87' lang='lat' dir='ltr'><strong>ante</strong></span> <span class='ocrx_word' id='word_1_20' title='bbox 1408 410 1742 471; x_wconf 84' lang='lat' dir='ltr'><strong>expressam</strong></span> <span class='ocrx_word' id='word_1_21' title='bbox 1786 391 1948 452; x_wconf 87' lang='lat' dir='ltr'><strong>illam</strong></span> <span class='ocrx_word' id='word_1_22' title='bbox 1994 394 2436 474; x_wconf 70' lang='lat' dir='ltr'><strong>definitionemt,</strong></span> 
     </span>
     <span class='ocr_line' id='line_1_5' title="bbox 308 481 2440 573; baseline 0.005 -28"><span class='ocrx_word' id='word_1_23' title='bbox 308 508 440 546; x_wconf 90' lang='lat' dir='ltr'><strong>cum</strong></span> <span class='ocrx_word' id='word_1_24' title='bbox 459 496 662 542; x_wconf 88' lang='lat' dir='ltr'><strong>tamen</strong></span> <span class='ocrx_word' id='word_1_25' title='bbox 682 481 928 541; x_wconf 89' lang='lat' dir='ltr'><strong>dubium</strong></span> <span class='ocrx_word' id='word_1_26' title='bbox 949 482 1190 543; x_wconf 85' lang='lat' dir='ltr'><strong>fortasse</strong></span> <span class='ocrx_word' id='word_1_27' title='bbox 1206 484 1398 544; x_wconf 86' lang='lat' dir='ltr'><strong>adhuc</strong></span> <span class='ocrx_word' id='word_1_28' title='bbox 1426 507 1725 567; x_wconf 85' lang='lat' dir='ltr'><strong>superesse</strong></span> <span class='ocrx_word' id='word_1_29' title='bbox 1755 501 1979 570; x_wconf 83' lang='lat' dir='ltr'><strong>posset,</strong></span> <span class='ocrx_word' id='word_1_30' title='bbox 2012 513 2158 551; x_wconf 86' lang='lat' dir='ltr'><strong>num</strong></span> <span class='ocrx_word' id='word_1_31' title='bbox 2179 493 2440 573; x_wconf 86' lang='lat' dir='ltr'><strong>ipsorum</strong></span> 
     </span>
     <span class='ocr_line' id='line_1_6' title="bbox 308 579 2442 665; baseline 0.006 -25"><span class='ocrx_word' id='word_1_32' title='bbox 308 580 576 640; x_wconf 90' lang='lat' dir='ltr'><strong>doctrina</strong></span> <span class='ocrx_word' id='word_1_33' title='bbox 612 579 903 638; x_wconf 86' lang='lat' dir='ltr'><strong>contraria</strong></span> <span class='ocrx_word' id='word_1_34' title='bbox 946 591 1096 639; x_wconf 90' lang='lat' dir='ltr'><strong>esset</strong></span> <span class='ocrx_word' id='word_1_35' title='bbox 1145 580 1405 641; x_wconf 90' lang='lat' dir='ltr'><strong>Ecclesiae</strong></span> <span class='ocrx_word' id='word_1_36' title='bbox 1447 581 1761 657; x_wconf 67' lang='lat' dir='ltr'><strong>doctrinae,</strong></span> <span class='ocrx_word' id='word_1_37' title='bbox 1815 585 2044 645; x_wconf 81' lang='lat' dir='ltr'>innoxii</span> <span class='ocrx_word' id='word_1_38' title='bbox 2076 599 2280 665; x_wconf 84' lang='lat' dir='ltr'><strong>erant3</strong></span> <span class='ocrx_word' id='word_1_39' title='bbox 2309 611 2442 652; x_wconf 66' lang='lat' dir='ltr'><strong>⁴non</strong></span> 
     </span>
     <span class='ocr_line' id='line_1_7' title="bbox 306 675 2443 766; baseline 0.005 -31"><span class='ocrx_word' id='word_1_40' title='bbox 306 688 513 737; x_wconf 90' lang='lat' dir='ltr'><strong>autem</strong></span> <span class='ocrx_word' id='word_1_41' title='bbox 552 687 685 755; x_wconf 92' lang='lat' dir='ltr'><strong>post</strong></span> <span class='ocrx_word' id='word_1_42' title='bbox 719 675 983 752; x_wconf 87' lang='lat' dir='ltr'><strong>ejusdem</strong></span> <span class='ocrx_word' id='word_1_43' title='bbox 1008 675 1272 736; x_wconf 87' lang='lat' dir='ltr'><strong>Ecclesiae</strong></span> <span class='ocrx_word' id='word_1_44' title='bbox 1298 676 1702 738; x_wconf 88' lang='lat' dir='ltr'><strong>definitionem</strong></span> <span class='ocrx_word' id='word_1_45' title='bbox 1724 725 1739 754; x_wconf 73' lang='lat'>‚</span> <span class='ocrx_word' id='word_1_46' title='bbox 1777 681 1869 741; x_wconf 92' lang='lat' dir='ltr'><strong>cui</strong></span> <span class='ocrx_word' id='word_1_47' title='bbox 1899 703 1961 741; x_wconf 90' lang='lat' dir='ltr'><strong>se</strong></span> <span class='ocrx_word' id='word_1_48' title='bbox 1999 683 2186 766; x_wconf 86' lang='lat' dir='ltr'><strong>reipsa</strong></span> <span class='ocrx_word' id='word_1_49' title='bbox 2216 683 2443 746; x_wconf 89' lang='lat' dir='ltr'><strong>submi—</strong></span> 
     </span>
     <span class='ocr_line' id='line_1_8' title="bbox 307 770 2444 861; baseline 0.004 -30"><span class='ocrx_word' id='word_1_50' title='bbox 307 784 529 832; x_wconf 89' lang='lat' dir='ltr'><strong>serunt.</strong></span> <span class='ocrx_word' id='word_1_51' title='bbox 560 774 683 832; x_wconf 90' lang='lat' dir='ltr'><strong>Nec</strong></span> <span class='ocrx_word' id='word_1_52' title='bbox 711 770 859 830; x_wconf 89' lang='lat' dir='ltr'><strong>illud</strong></span> <span class='ocrx_word' id='word_1_53' title='bbox 887 771 1284 831; x_wconf 90' lang='lat' dir='ltr'><strong>omittendum</strong></span> <span class='ocrx_word' id='word_1_54' title='bbox 1314 786 1402 832; x_wconf 88' lang='lat' dir='ltr'><strong>est</strong></span> <span class='ocrx_word' id='word_1_55' title='bbox 1420 821 1436 847; x_wconf 39' lang='grc' dir='ltr'>ἦ</span> <span class='ocrx_word' id='word_1_56' title='bbox 1478 775 1862 856; x_wconf 72' lang='lat' dir='ltr'><strong>quaestionem</strong></span> <span class='ocrx_word' id='word_1_57' title='bbox 1888 775 2053 837; x_wconf 87' lang='lat' dir='ltr'><strong>illam</strong></span> <span class='ocrx_word' id='word_1_58' title='bbox 2079 770 2444 861; x_wconf 83' lang='lat' dir='ltr'><strong>rebaptizan-</strong></span> 
     </span>
     <span class='ocr_line' id='line_1_9' title="bbox 306 864 2450 953; baseline 0.004 -25"><span class='ocrx_word' id='word_1_59' title='bbox 306 869 457 928; x_wconf 90' lang='lat' dir='ltr'><strong>tium</strong></span> <span class='ocrx_word' id='word_1_60' title='bbox 498 879 822 950; x_wconf 79' lang='lat' dir='ltr'><strong>spectatam</strong></span> <span class='ocrx_word' id='word_1_61' title='bbox 865 867 939 926; x_wconf 88' lang='lat' dir='ltr'><strong>ab</strong></span> <span class='ocrx_word' id='word_1_62' title='bbox 973 866 1088 926; x_wconf 89' lang='lat' dir='ltr'><strong>illis</strong></span> <span class='ocrx_word' id='word_1_63' title='bbox 1138 868 1310 927; x_wconf 83' lang='lat' dir='ltr'><strong>fuisse</strong></span> <span class='ocrx_word' id='word_1_64' title='bbox 1335 913 1352 941; x_wconf 72' lang='grc'>,</span> <span class='ocrx_word' id='word_1_65' title='bbox 1390 872 1557 947; x_wconf 85' lang='lat' dir='ltr'><strong>juxta</strong></span> <span class='ocrx_word' id='word_1_66' title='bbox 1600 893 1723 929; x_wconf 91' lang='lat' dir='ltr'><strong>non</strong></span> <span class='ocrx_word' id='word_1_67' title='bbox 1774 894 1987 953; x_wconf 87' lang='lat' dir='ltr'><strong>paucos</strong></span> <span class='ocrx_word' id='word_1_68' title='bbox 2042 873 2335 951; x_wconf 89' lang='lat' dir='ltr'><strong>eruditos,</strong></span> <span class='ocrx_word' id='word_1_69' title='bbox 2381 864 2450 936; x_wconf 67' lang='lat' dir='ltr'><strong>ut⁷</strong></span> 
     </span>
     <span class='ocr_line' id='line_1_10' title="bbox 308 961 2446 1054; baseline 0.004 -31"><span class='ocrx_word' id='word_1_70' title='bbox 308 965 697 1048; x_wconf 80' lang='lat' dir='ltr'><strong>quaestionem</strong></span> <span class='ocrx_word' id='word_1_71' title='bbox 738 965 932 1046; x_wconf 81' lang='lat' dir='ltr'><strong>potius</strong></span> <span class='ocrx_word' id='word_1_72' title='bbox 966 961 1290 1044; x_wconf 85' lang='lat' dir='ltr'><strong>disciplinae</strong></span> <span class='ocrx_word' id='word_1_73' title='bbox 1324 984 1501 1045; x_wconf 89' lang='lat' dir='ltr'><strong>quam</strong></span> <span class='ocrx_word' id='word_1_74' title='bbox 1528 966 1667 1026; x_wconf 89' lang='lat' dir='ltr'><strong>fidei</strong></span> <span class='ocrx_word' id='word_1_75' title='bbox 1700 966 1808 1048; x_wconf 87' lang='lat' dir='ltr'><strong>(l).</strong></span> <span class='ocrx_word' id='word_1_76' title='bbox 1843 970 1991 1028; x_wconf 90' lang='lat' dir='ltr'><strong>Hinc</strong></span> <span class='ocrx_word' id='word_1_77' title='bbox 2023 971 2242 1030; x_wconf 85' lang='lat' dir='ltr'><strong>factum</strong></span> <span class='ocrx_word' id='word_1_78' title='bbox 2279 983 2446 1054; x_wconf 89' lang='lat' dir='ltr'><strong>puta·</strong></span> 
     </span>
     <span class='ocr_line' id='line_1_11' title="bbox 304 1058 2445 1149; baseline 0.003 -28"><span class='ocrx_word' id='word_1_79' title='bbox 304 1083 442 1122; x_wconf 87' lang='lat' dir='ltr'><strong>mus</strong></span> <span class='ocrx_word' id='word_1_80' title='bbox 463 1107 480 1137; x_wconf 71' lang='lat'>‚</span> <span class='ocrx_word' id='word_1_81' title='bbox 517 1071 585 1120; x_wconf 90' lang='lat' dir='ltr'><strong>ut</strong></span> <span class='ocrx_word' id='word_1_82' title='bbox 619 1058 928 1132; x_wconf 68' lang='lat' dir='ltr'><strong>nonnulli,</strong></span> <span class='ocrx_word' id='word_1_83' title='bbox 965 1058 1142 1117; x_wconf 87' lang='lat' dir='ltr'><strong>etiam</strong></span> <span class='ocrx_word' id='word_1_84' title='bbox 1175 1069 1309 1138; x_wconf 88' lang='lat' dir='ltr'><strong>post</strong></span> <span class='ocrx_word' id='word_1_85' title='bbox 1340 1060 1665 1122; x_wconf 87' lang='lat' dir='ltr'>Concilium</span> <span class='ocrx_word' id='word_1_86' title='bbox 1689 1064 2000 1124; x_wconf 89' lang='lat' dir='ltr'><strong>Nicoenum</strong></span> <span class='ocrx_word' id='word_1_87' title='bbox 2029 1111 2044 1145; x_wconf 81' lang='lat'>,</span> <span class='ocrx_word' id='word_1_88' title='bbox 2074 1069 2445 1149; x_wconf 75' lang='lat' dir='ltr'><strong>perrexerint</strong></span> 
     </span>
     <span class='ocr_line' id='line_1_12' title="bbox 304 1153 2444 1239; baseline 0.003 -21"><span class='ocrx_word' id='word_1_89' title='bbox 304 1156 791 1219; x_wconf 81' lang='lat' dir='ltr'><strong>consuetudinem</strong></span> <span class='ocrx_word' id='word_1_90' title='bbox 820 1153 987 1213; x_wconf 87' lang='lat' dir='ltr'><strong>illam</strong></span> <span class='ocrx_word' id='word_1_91' title='bbox 1029 1154 1423 1214; x_wconf 75' lang='lat' dir='ltr'><strong>inveteratam</strong></span> <span class='ocrx_word' id='word_1_92' title='bbox 1465 1156 1531 1213; x_wconf 90' lang='lat' dir='ltr'><strong>in</strong></span> <span class='ocrx_word' id='word_1_93' title='bbox 1574 1158 1691 1216; x_wconf 88' lang='lat' dir='ltr'><strong>suis</strong></span> <span class='ocrx_word' id='word_1_94' title='bbox 1738 1159 2001 1221; x_wconf 84' lang='lat' dir='ltr'><strong>Ecclesiis</strong></span> <span class='ocrx_word' id='word_1_95' title='bbox 2042 1164 2334 1239; x_wconf 69' lang='lat' dir='ltr'><strong>retinere7</strong></span> <span class='ocrx_word' id='word_1_96' title='bbox 2378 1176 2444 1224; x_wconf 91' lang='lat' dir='ltr'><strong>ut</strong></span> 
     </span>
     <span class='ocr_line' id='line_1_13' title="bbox 303 1250 892 1313; baseline -0.008 0"><span class='ocrx_word' id='word_1_97' title='bbox 303 1277 409 1313; x_wconf 90' lang='lat' dir='ltr'><strong>suo</strong></span> <span class='ocrx_word' id='word_1_98' title='bbox 442 1252 568 1311; x_wconf 93' lang='lat' dir='ltr'><strong>loco</strong></span> <span class='ocrx_word' id='word_1_99' title='bbox 605 1250 892 1310; x_wconf 88' lang='lat' dir='ltr'><strong>dicemus.</strong></span> 
     </span>
    </p>

    <p class='ocr_par' dir='ltr' id='par_1_4' title="bbox 301 1346 2446 1719">
     <span class='ocr_line' id='line_1_14' title="bbox 388 1346 2446 1430; baseline 0.004 -23"><span class='ocrx_word' id='word_1_100' title='bbox 388 1347 530 1408; x_wconf 79' lang='lat'><strong>152.</strong></span> <span class='ocrx_word' id='word_1_101' title='bbox 578 1346 1027 1430; x_wconf 80' lang='lat' dir='ltr'><strong>Semipelagiani</strong></span> <span class='ocrx_word' id='word_1_102' title='bbox 1055 1369 1366 1429; x_wconf 89' lang='lat' dir='ltr'><strong>nunquam</strong></span> <span class='ocrx_word' id='word_1_103' title='bbox 1391 1359 1613 1409; x_wconf 91' lang='lat' dir='ltr'><strong>sectam</strong></span> <span class='ocrx_word' id='word_1_104' title='bbox 1646 1350 2085 1412; x_wconf 87' lang='lat' dir='ltr'><strong>constituerunt</strong></span> <span class='ocrx_word' id='word_1_105' title='bbox 2103 1398 2119 1427; x_wconf 75' lang='grc'><em>,</em></span> <span class='ocrx_word' id='word_1_106' title='bbox 2158 1355 2257 1414; x_wconf 74' lang='lat' dir='ltr'><strong>vix</strong></span> <span class='ocrx_word' id='word_1_107' title='bbox 2282 1356 2446 1418; x_wconf 88' lang='lat' dir='ltr'><strong>enim</strong></span> 
     </span>
     <span class='ocr_line' id='line_1_15' title="bbox 302 1443 2443 1527; baseline 0.002 -22"><span class='ocrx_word' id='word_1_108' title='bbox 302 1447 357 1505; x_wconf 91' lang='lat' dir='ltr'><strong>S.</strong></span> <span class='ocrx_word' id='word_1_109' title='bbox 383 1445 723 1505; x_wconf 85' lang='lat' dir='ltr'><strong>Caelestinus</strong></span> <span class='ocrx_word' id='word_1_110' title='bbox 749 1444 1017 1503; x_wconf 80' lang='lat' dir='ltr'><strong>Pontifex</strong></span> <span class='ocrx_word' id='word_1_111' title='bbox 1041 1443 1291 1504; x_wconf 86' lang='lat' dir='ltr'><strong>dederat</strong></span> <span class='ocrx_word' id='word_1_112' title='bbox 1308 1445 1662 1527; x_wconf 89' lang='lat' dir='ltr'><strong>rescriptum</strong></span> <span class='ocrx_word' id='word_1_113' title='bbox 1681 1469 1854 1506; x_wconf 89' lang='lat' dir='ltr'><strong>suum</strong></span> <span class='ocrx_word' id='word_1_114' title='bbox 1877 1447 1955 1506; x_wconf 88' lang='lat' dir='ltr'><strong>ad</strong></span> <span class='ocrx_word' id='word_1_115' title='bbox 1982 1451 2443 1511; x_wconf 88' lang='lat' dir='ltr'><strong>controversiam</strong></span> 
     </span>
     <span class='ocr_line' id='line_1_16' title="bbox 301 1541 2443 1626; baseline 0.001 -24"><span class='ocrx_word' id='word_1_116' title='bbox 301 1543 466 1603; x_wconf 89' lang='lat' dir='ltr'><strong>illam</strong></span> <span class='ocrx_word' id='word_1_117' title='bbox 504 1541 941 1618; x_wconf 86' lang='lat' dir='ltr'><strong>derimendam,</strong></span> <span class='ocrx_word' id='word_1_118' title='bbox 969 1564 1108 1601; x_wconf 87' lang='lat' dir='ltr'><strong>cum</strong></span> <span class='ocrx_word' id='word_1_119' title='bbox 1134 1543 1335 1600; x_wconf 89' lang='lat' dir='ltr'><strong>statim</strong></span> <span class='ocrx_word' id='word_1_120' title='bbox 1370 1565 1604 1620; x_wconf 78' lang='lat' dir='ltr'><strong>omne3‚</strong></span> <span class='ocrx_word' id='word_1_121' title='bbox 1643 1566 1788 1626; x_wconf 89' lang='lat' dir='ltr'><strong>quos</strong></span> <span class='ocrx_word' id='word_1_122' title='bbox 1818 1566 1979 1604; x_wconf 86' lang='lat' dir='ltr'><strong>error</strong></span> <span class='ocrx_word' id='word_1_123' title='bbox 2005 1545 2104 1605; x_wconf 89' lang='lat' dir='ltr'><strong>ille</strong></span> <span class='ocrx_word' id='word_1_124' title='bbox 2129 1547 2407 1607; x_wconf 86' lang='lat' dir='ltr'><strong>infecerat</strong></span> <span class='ocrx_word' id='word_1_125' title='bbox 2426 1593 2443 1623; x_wconf 77' lang='lat'>‚</span> 
     </span>
     <span class='ocr_line' id='line_1_17' title="bbox 301 1636 1521 1719; baseline -0.001 -20"><span class='ocrx_word' id='word_1_126' title='bbox 301 1639 494 1700; x_wconf 89' lang='lat' dir='ltr'><strong>eidem</strong></span> <span class='ocrx_word' id='word_1_127' title='bbox 529 1638 764 1698; x_wconf 89' lang='lat' dir='ltr'><strong>decreto</strong></span> <span class='ocrx_word' id='word_1_128' title='bbox 797 1637 953 1696; x_wconf 91' lang='lat' dir='ltr'><strong>ultro</strong></span> <span class='ocrx_word' id='word_1_129' title='bbox 979 1636 1324 1719; x_wconf 86' lang='lat' dir='ltr'><strong>adstipulati</strong></span> <span class='ocrx_word' id='word_1_130' title='bbox 1357 1650 1521 1698; x_wconf 86' lang='lat' dir='ltr'><strong>sunt.</strong></span> 
     </span>
    </p>

    <p class='ocr_par' dir='ltr' id='par_1_5' title="bbox 302 1733 2444 2397">
     <span class='ocr_line' id='line_1_18' title="bbox 391 1733 2444 1820; baseline 0.002 -26"><span class='ocrx_word' id='word_1_131' title='bbox 391 1736 529 1794; x_wconf 85' lang='lat'><strong>153.</strong></span> <span class='ocrx_word' id='word_1_132' title='bbox 582 1736 769 1815; x_wconf 88' lang='lat' dir='ltr'><strong>Atque</strong></span> <span class='ocrx_word' id='word_1_133' title='bbox 813 1733 952 1793; x_wconf 91' lang='lat' dir='ltr'><strong>hinc</strong></span> <span class='ocrx_word' id='word_1_134' title='bbox 998 1735 1300 1816; x_wconf 90' lang='lat' dir='ltr'><strong>responsio</strong></span> <span class='ocrx_word' id='word_1_135' title='bbox 1332 1745 1495 1816; x_wconf 89' lang='lat' dir='ltr'><strong>patet</strong></span> <span class='ocrx_word' id='word_1_136' title='bbox 1542 1735 1612 1794; x_wconf 89' lang='lat' dir='ltr'><strong>ad</strong></span> <span class='ocrx_word' id='word_1_137' title='bbox 1660 1735 2064 1796; x_wconf 88' lang='lat' dir='ltr'><strong>difficultatem</strong></span> <span class='ocrx_word' id='word_1_138' title='bbox 2113 1738 2360 1820; x_wconf 89' lang='lat' dir='ltr'><strong>petitam</strong></span> <span class='ocrx_word' id='word_1_139' title='bbox 2412 1762 2444 1799; x_wconf 91' lang='lat' dir='ltr'><strong>a</strong></span> 
     </span>
     <span class='ocr_line' id='line_1_19' title="bbox 304 1829 2443 1910; baseline 0.001 -18"><span class='ocrx_word' id='word_1_140' title='bbox 304 1829 843 1892; x_wconf 86' lang='lat' dir='ltr'><strong>concertationibus</strong></span> <span class='ocrx_word' id='word_1_141' title='bbox 867 1829 1294 1910; x_wconf 81' lang='lat' dir='ltr'><strong>theologorum.</strong></span> <span class='ocrx_word' id='word_1_142' title='bbox 1334 1832 1629 1908; x_wconf 81' lang='lat' dir='ltr'><strong>Ejusmodi</strong></span> <span class='ocrx_word' id='word_1_143' title='bbox 1662 1833 1822 1892; x_wconf 91' lang='lat' dir='ltr'><strong>enim</strong></span> <span class='ocrx_word' id='word_1_144' title='bbox 1846 1831 2179 1894; x_wconf 88' lang='lat' dir='ltr'><strong>domestieae</strong></span> <span class='ocrx_word' id='word_1_145' title='bbox 2202 1855 2443 1894; x_wconf 88' lang='lat' dir='ltr'><strong>concer-</strong></span> 
     </span>
     <span class='ocr_line' id='line_1_20' title="bbox 304 1919 2443 2010; baseline 0.001 -23"><span class='ocrx_word' id='word_1_146' title='bbox 304 1929 557 1987; x_wconf 86' lang='lat' dir='ltr'><strong>tationes</strong></span> <span class='ocrx_word' id='word_1_147' title='bbox 579 1973 595 2001; x_wconf 72' lang='grc'><em>,</em></span> <span class='ocrx_word' id='word_1_148' title='bbox 630 1948 792 2007; x_wconf 86' lang='lat' dir='ltr'><strong>quae‚</strong></span> <span class='ocrx_word' id='word_1_149' title='bbox 821 1925 979 1987; x_wconf 85' lang='lat' dir='ltr'><strong>salva</strong></span> <span class='ocrx_word' id='word_1_150' title='bbox 1007 1925 1289 1986; x_wconf 87' lang='lat' dir='ltr'><strong>charitate</strong></span> <span class='ocrx_word' id='word_1_151' title='bbox 1314 1972 1329 2001; x_wconf 74' lang='lat'>‚</span> <span class='ocrx_word' id='word_1_152' title='bbox 1356 1929 1419 1985; x_wconf 91' lang='lat' dir='ltr'><strong>in</strong></span> <span class='ocrx_word' id='word_1_153' title='bbox 1446 1927 1656 1986; x_wconf 89' lang='lat' dir='ltr'><strong>scholis</strong></span> <span class='ocrx_word' id='word_1_154' title='bbox 1685 1919 1983 1988; x_wconf 80' lang='lat' dir='ltr'><strong>catholicis</strong></span> <span class='ocrx_word' id='word_1_155' title='bbox 2011 1928 2194 2008; x_wconf 87' lang='lat' dir='ltr'><strong>libere</strong></span> <span class='ocrx_word' id='word_1_156' title='bbox 2217 1930 2443 2010; x_wconf 82' lang='lat' dir='ltr'><strong>agitan-</strong></span> 
     </span>
     <span class='ocr_line' id='line_1_21' title="bbox 303 2022 2441 2100; baseline 0.001 -16"><span class='ocrx_word' id='word_1_157' title='bbox 303 2037 438 2100; x_wconf 66' lang='lat' dir='ltr'><strong>tur,</strong></span> <span class='ocrx_word' id='word_1_158' title='bbox 487 2022 664 2084; x_wconf 88' lang='lat' dir='ltr'><strong>fidem</strong></span> <span class='ocrx_word' id='word_1_159' title='bbox 709 2044 811 2082; x_wconf 89' lang='lat' dir='ltr'><strong>seu</strong></span> <span class='ocrx_word' id='word_1_160' title='bbox 849 2022 984 2081; x_wconf 89' lang='lat' dir='ltr'><strong>fidei</strong></span> <span class='ocrx_word' id='word_1_161' title='bbox 1032 2022 1308 2082; x_wconf 86' lang='lat' dir='ltr'><strong>articulos</strong></span> <span class='ocrx_word' id='word_1_162' title='bbox 1359 2022 1433 2082; x_wconf 90' lang='lat' dir='ltr'><strong>ab</strong></span> <span class='ocrx_word' id='word_1_163' title='bbox 1485 2024 1734 2084; x_wconf 88' lang='lat' dir='ltr'><strong>Ecclesia</strong></span> <span class='ocrx_word' id='word_1_164' title='bbox 1780 2025 2052 2085; x_wconf 89' lang='lat' dir='ltr'><strong>definitos</strong></span> <span class='ocrx_word' id='word_1_165' title='bbox 2106 2025 2441 2086; x_wconf 88' lang='lat' dir='ltr'><strong>nullatenus</strong></span> 
     </span>
     <span class='ocr_line' id='line_1_22' title="bbox 302 2118 2444 2208; baseline 0 -28"><span class='ocrx_word' id='word_1_166' title='bbox 302 2122 603 2201; x_wconf 79' lang='lat' dir='ltr'><strong>attingunt</strong></span> <span class='ocrx_word' id='word_1_167' title='bbox 625 2166 640 2193; x_wconf 80' lang='grc'><em>,</em></span> <span class='ocrx_word' id='word_1_168' title='bbox 683 2118 788 2180; x_wconf 89' lang='lat' dir='ltr'><strong>sed</strong></span> <span class='ocrx_word' id='word_1_169' title='bbox 819 2118 1063 2179; x_wconf 90' lang='lat' dir='ltr'><strong>modum</strong></span> <span class='ocrx_word' id='word_1_170' title='bbox 1086 2119 1503 2179; x_wconf 90' lang='lat' dir='ltr'><strong>tantummodo</strong></span> <span class='ocrx_word' id='word_1_171' title='bbox 1527 2142 1594 2180; x_wconf 89' lang='lat' dir='ltr'><strong>ac</strong></span> <span class='ocrx_word' id='word_1_172' title='bbox 1620 2121 1911 2181; x_wconf 89' lang='lat' dir='ltr'><strong>rationem</strong></span> <span class='ocrx_word' id='word_1_173' title='bbox 1947 2122 2233 2181; x_wconf 86' lang='lat' dir='ltr'><strong>nonnulla</strong></span> <span class='ocrx_word' id='word_1_174' title='bbox 2263 2121 2444 2208; x_wconf 59' lang='lat' dir='ltr'><strong>expli-</strong></span> 
     </span>
     <span class='ocr_line' id='line_1_23' title="bbox 302 2206 2442 2301; baseline 0 -26"><span class='ocrx_word' id='word_1_175' title='bbox 302 2217 506 2291; x_wconf 76' lang='lat' dir='ltr'><strong>candi3</strong></span> <span class='ocrx_word' id='word_1_176' title='bbox 567 2228 847 2299; x_wconf 83' lang='lat' dir='ltr'><strong>praeterea</strong></span> <span class='ocrx_word' id='word_1_177' title='bbox 895 2237 1101 2274; x_wconf 88' lang='lat' dir='ltr'><strong>omnes</strong></span> <span class='ocrx_word' id='word_1_178' title='bbox 1143 2216 1399 2296; x_wconf 80' lang='lat' dir='ltr'><strong>theologi</strong></span> <span class='ocrx_word' id='word_1_179' title='bbox 1439 2215 1707 2276; x_wconf 89' lang='lat' dir='ltr'><strong>catholici</strong></span> <span class='ocrx_word' id='word_1_180' title='bbox 1752 2219 1944 2300; x_wconf 90' lang='lat' dir='ltr'><strong>parati</strong></span> <span class='ocrx_word' id='word_1_181' title='bbox 1985 2230 2125 2277; x_wconf 90' lang='lat' dir='ltr'><strong>sunt</strong></span> <span class='ocrx_word' id='word_1_182' title='bbox 2178 2206 2442 2301; x_wconf 81' lang='lat' dir='ltr'><strong>privatos</strong></span> 
     </span>
     <span class='ocr_line' id='line_1_24' title="bbox 304 2311 2441 2397; baseline 0 -25"><span class='ocrx_word' id='word_1_183' title='bbox 304 2334 509 2372; x_wconf 89' lang='lat' dir='ltr'><strong>sensus</strong></span> <span class='ocrx_word' id='word_1_184' title='bbox 540 2311 826 2390; x_wconf 86' lang='lat' dir='ltr'><strong>subjicere</strong></span> <span class='ocrx_word' id='word_1_185' title='bbox 866 2311 1127 2371; x_wconf 88' lang='lat' dir='ltr'><strong>Ecclesiae</strong></span> <span class='ocrx_word' id='word_1_186' title='bbox 1160 2311 1521 2385; x_wconf 90' lang='lat' dir='ltr'><strong>definitioni,</strong></span> <span class='ocrx_word' id='word_1_187' title='bbox 1565 2313 1613 2370; x_wconf 92' lang='lat' dir='ltr'><strong>si</strong></span> <span class='ocrx_word' id='word_1_188' title='bbox 1651 2335 1765 2395; x_wconf 91' lang='lat' dir='ltr'><strong>qua</strong></span> <span class='ocrx_word' id='word_1_189' title='bbox 1798 2312 1871 2371; x_wconf 91' lang='lat' dir='ltr'><strong>ab</strong></span> <span class='ocrx_word' id='word_1_190' title='bbox 1906 2314 2030 2397; x_wconf 90' lang='lat' dir='ltr'><strong>ipsa</strong></span> <span class='ocrx_word' id='word_1_191' title='bbox 2063 2313 2303 2373; x_wconf 85' lang='lat' dir='ltr'><strong>daretur</strong></span> <span class='ocrx_word' id='word_1_192' title='bbox 2330 2314 2441 2394; x_wconf 76' lang='lat'><strong>(2).</strong></span> 
     </span>
    </p>

    <p class='ocr_par' dir='ltr' id='par_1_6' title="bbox 303 2406 2444 2875">
     <span class='ocr_line' id='line_1_25' title="bbox 393 2406 2443 2492; baseline 0 -25"><span class='ocrx_word' id='word_1_193' title='bbox 393 2408 531 2467; x_wconf 77' lang='lat'><strong>154.</strong></span> <span class='ocrx_word' id='word_1_194' title='bbox 561 2407 647 2467; x_wconf 91' lang='lat' dir='ltr'><strong>Ad</strong></span> <span class='ocrx_word' id='word_1_195' title='bbox 670 2406 847 2466; x_wconf 90' lang='lat' dir='ltr'><strong>verba</strong></span> <span class='ocrx_word' id='word_1_196' title='bbox 867 2406 1156 2488; x_wconf 85' lang='lat' dir='ltr'><strong>Apostoli:</strong></span> <span class='ocrx_word' id='word_1_197' title='bbox 1187 2408 1648 2487; x_wconf 78' lang='lat' dir='ltr'><strong>Unusquisque,</strong></span> <span class='ocrx_word' id='word_1_198' title='bbox 1679 2420 1794 2468; x_wconf 88' lang='lat' dir='ltr'><strong>ete.</strong></span> <span class='ocrx_word' id='word_1_199' title='bbox 1828 2411 1984 2468; x_wconf 76' lang='lat' dir='ltr'><strong>Dist.</strong></span> <span class='ocrx_word' id='word_1_200' title='bbox 2013 2409 2161 2468; x_wconf 90' lang='lat' dir='ltr'><strong>circa</strong></span> <span class='ocrx_word' id='word_1_201' title='bbox 2186 2408 2443 2492; x_wconf 84' lang='lat' dir='ltr'><strong>aliquam</strong></span> 
     </span>
     <span class='ocr_line' id='line_1_26' title="bbox 303 2504 2442 2589; baseline -0 -23"><span class='ocrx_word' id='word_1_202' title='bbox 303 2507 569 2589; x_wconf 86' lang='lat' dir='ltr'><strong>praxim,</strong></span> <span class='ocrx_word' id='word_1_203' title='bbox 598 2506 925 2585; x_wconf 86' lang='lat' dir='ltr'><strong>praesertim</strong></span> <span class='ocrx_word' id='word_1_204' title='bbox 967 2504 1284 2587; x_wconf 86' lang='lat' dir='ltr'><strong>disciplinae</strong></span> <span class='ocrx_word' id='word_1_205' title='bbox 1304 2550 1320 2578; x_wconf 90' lang='lat'>‚</span> <span class='ocrx_word' id='word_1_206' title='bbox 1355 2527 1534 2587; x_wconf 88' lang='lat' dir='ltr'><strong>quam</strong></span> <span class='ocrx_word' id='word_1_207' title='bbox 1572 2505 1821 2565; x_wconf 89' lang='lat' dir='ltr'><strong>Ecclesia</strong></span> <span class='ocrx_word' id='word_1_208' title='bbox 1852 2506 2100 2565; x_wconf 88' lang='lat' dir='ltr'><strong>liberam</strong></span> <span class='ocrx_word' id='word_1_209' title='bbox 2127 2508 2442 2588; x_wconf 90' lang='lat' dir='ltr'><strong>unicuique</strong></span> 
     </span>
     <span class='ocr_line' id='line_1_27' title="bbox 304 2599 2444 2684; baseline -0 -23"><span class='ocrx_word' id='word_1_210' title='bbox 304 2603 576 2684; x_wconf 82' lang='lat' dir='ltr'><strong>reliquit,</strong></span> <span class='ocrx_word' id='word_1_211' title='bbox 608 2624 801 2669; x_wconf 82' lang='lat' dir='ltr'><strong>eonc.;</strong></span> <span class='ocrx_word' id='word_1_212' title='bbox 823 2602 883 2659; x_wconf 92' lang='lat' dir='ltr'><strong>in</strong></span> <span class='ocrx_word' id='word_1_213' title='bbox 910 2600 1085 2661; x_wconf 88' lang='lat' dir='ltr'><strong>rebus</strong></span> <span class='ocrx_word' id='word_1_214' title='bbox 1109 2600 1244 2659; x_wconf 90' lang='lat' dir='ltr'><strong>fidei</strong></span> <span class='ocrx_word' id='word_1_215' title='bbox 1276 2599 1532 2660; x_wconf 89' lang='lat' dir='ltr'><strong>definitis</strong></span> <span class='ocrx_word' id='word_1_216' title='bbox 1551 2647 1564 2674; x_wconf 66' lang='grc'><em>,</em></span> <span class='ocrx_word' id='word_1_217' title='bbox 1600 2624 1730 2683; x_wconf 73' lang='lat' dir='ltr'><strong>neq.</strong></span> <span class='ocrx_word' id='word_1_218' title='bbox 1770 2603 1892 2661; x_wconf 86' lang='lat' dir='ltr'><strong>Hoc</strong></span> <span class='ocrx_word' id='word_1_219' title='bbox 1916 2603 2076 2660; x_wconf 90' lang='lat' dir='ltr'><strong>enim</strong></span> <span class='ocrx_word' id='word_1_220' title='bbox 2108 2601 2444 2660; x_wconf 87' lang='lat' dir='ltr'><strong>inauditum</strong></span> 
     </span>
     <span class='ocr_line' id='line_1_28' title="bbox 303 2695 2442 2780; baseline 0 -23"><span class='ocrx_word' id='word_1_221' title='bbox 303 2700 365 2757; x_wconf 92' lang='lat' dir='ltr'><strong>in</strong></span> <span class='ocrx_word' id='word_1_222' title='bbox 400 2698 647 2758; x_wconf 86' lang='lat' dir='ltr'><strong>Ecclesia</strong></span> <span class='ocrx_word' id='word_1_223' title='bbox 681 2709 769 2758; x_wconf 88' lang='lat' dir='ltr'><strong>est</strong></span> <span class='ocrx_word' id='word_1_224' title='bbox 793 2744 808 2772; x_wconf 62' lang='lat'>7</span> <span class='ocrx_word' id='word_1_225' title='bbox 850 2709 909 2758; x_wconf 92' lang='lat' dir='ltr'><strong>et</strong></span> <span class='ocrx_word' id='word_1_226' title='bbox 948 2695 1291 2780; x_wconf 67' lang='lat' dir='ltr'><strong>Apostolu3‚</strong></span> <span class='ocrx_word' id='word_1_227' title='bbox 1331 2709 1398 2756; x_wconf 91' lang='lat' dir='ltr'><strong>ut</strong></span> <span class='ocrx_word' id='word_1_228' title='bbox 1427 2708 1587 2779; x_wconf 89' lang='lat' dir='ltr'><strong>patet</strong></span> <span class='ocrx_word' id='word_1_229' title='bbox 1622 2718 1693 2756; x_wconf 85' lang='lat' dir='ltr'><strong>ex</strong></span> <span class='ocrx_word' id='word_1_230' title='bbox 1725 2708 2003 2758; x_wconf 82' lang='lat' dir='ltr'><strong>contextu</strong></span> <span class='ocrx_word' id='word_1_231' title='bbox 2026 2743 2042 2772; x_wconf 81' lang='lat'><strong>.,</strong></span> <span class='ocrx_word' id='word_1_232' title='bbox 2077 2697 2338 2780; x_wconf 89' lang='lat' dir='ltr'><strong>loquitur</strong></span> <span class='ocrx_word' id='word_1_233' title='bbox 2368 2698 2442 2757; x_wconf 92' lang='lat' dir='ltr'><strong>de</strong></span> 
     </span>
     <span class='ocr_line' id='line_1_29' title="bbox 303 2791 2436 2875; baseline -0 -22"><span class='ocrx_word' id='word_1_234' title='bbox 303 2794 486 2855; x_wconf 89' lang='lat' dir='ltr'><strong>libera</strong></span> <span class='ocrx_word' id='word_1_235' title='bbox 516 2795 866 2856; x_wconf 89' lang='lat' dir='ltr'><strong>discretione</strong></span> <span class='ocrx_word' id='word_1_236' title='bbox 907 2793 1171 2853; x_wconf 90' lang='lat' dir='ltr'><strong>ciborum</strong></span> <span class='ocrx_word' id='word_1_237' title='bbox 1201 2803 1260 2853; x_wconf 91' lang='lat' dir='ltr'><strong>et</strong></span> <span class='ocrx_word' id='word_1_238' title='bbox 1297 2792 1689 2875; x_wconf 87' lang='lat' dir='ltr'><strong>quorumdam</strong></span> <span class='ocrx_word' id='word_1_239' title='bbox 1727 2791 2002 2874; x_wconf 83' lang='lat' dir='ltr'><strong>legalium</strong></span> <span class='ocrx_word' id='word_1_240' title='bbox 2028 2793 2436 2854; x_wconf 85' lang='lat' dir='ltr'><strong>observantiae.</strong></span> 
     </span>
    </p>
   </div>
   <div class='ocr_carea' id='block_1_4' title="bbox 371 3000 2443 3067">
    <p class='ocr_par' dir='ltr' id='par_1_7' title="bbox 371 3000 2443 3067">
     <span class='ocr_line' id='line_1_30' title="bbox 371 3000 2443 3067; baseline 0 -18"><span class='ocrx_word' id='word_1_241' title='bbox 371 3003 436 3066; x_wconf 83' lang='lat' dir='ltr'><strong>(l)</strong></span> <span class='ocrx_word' id='word_1_242' title='bbox 474 3001 585 3050; x_wconf 88' lang='lat' dir='ltr'><strong>Vid.</strong></span> <span class='ocrx_word' id='word_1_243' title='bbox 616 3001 806 3067; x_wconf 81' lang='lat' dir='ltr'><strong>Bolgeni</strong></span> <span class='ocrx_word' id='word_1_244' title='bbox 828 3039 841 3062; x_wconf 85' lang='lat'>‚</span> <span class='ocrx_word' id='word_1_245' title='bbox 877 3005 928 3050; x_wconf 91' lang='lat' dir='ltr'><strong>in</strong></span> <span class='ocrx_word' id='word_1_246' title='bbox 951 3018 1092 3067; x_wconf 85' lang='lat' dir='ltr'><strong>opere</strong></span> <span class='ocrx_word' id='word_1_247' title='bbox 1114 3001 1338 3067; x_wconf 82' lang='lat' dir='ltr'><strong>Risposea</strong></span> <span class='ocrx_word' id='word_1_248' title='bbox 1424 3001 1689 3050; x_wconf 85' lang='lat' dir='ltr'><strong>defectione</strong></span> <span class='ocrx_word' id='word_1_249' title='bbox 1729 3019 1754 3049; x_wconf 88' lang='lat' dir='ltr'><strong>a</strong></span> <span class='ocrx_word' id='word_1_250' title='bbox 1778 3000 1982 3064; x_wconf 86' lang='lat' dir='ltr'><strong>legitima</strong></span> <span class='ocrx_word' id='word_1_251' title='bbox 2037 3002 2342 3060; x_wconf 81' lang='lat' dir='ltr'><strong>auctoritate,</strong></span> <span class='ocrx_word' id='word_1_252' title='bbox 2387 3018 2443 3050; x_wconf 85' lang='lat' dir='ltr'><strong>ac</strong></span> 
     </span>
    </p>
   </div>
   <div class='ocr_carea' id='block_1_5' title="bbox 299 3083 1331 3730">
    <p class='ocr_par' dir='ltr' id='par_1_8' title="bbox 302 3083 1331 3150">
     <span class='ocr_line' id='line_1_31' title="bbox 302 3083 1331 3150; baseline -0.002 -17"><span class='ocrx_word' id='word_1_253' title='bbox 302 3084 353 3133; x_wconf 73' lang='lat' dir='ltr'><strong>al</strong></span> <span class='ocrx_word' id='word_1_254' title='bbox 364 3086 546 3150; x_wconf 77' lang='lat' dir='ltr'><strong>quesite</strong></span> <span class='ocrx_word' id='word_1_255' title='bbox 557 3100 667 3132; x_wconf 78' lang='lat' dir='ltr'><strong>cosa</strong></span> <span class='ocrx_word' id='word_1_256' title='bbox 681 3085 706 3131; x_wconf 74' lang='grc' dir='ltr'><em>ὲ</em></span> <span class='ocrx_word' id='word_1_257' title='bbox 723 3101 791 3131; x_wconf 76' lang='lat' dir='ltr'><strong>un</strong></span> <span class='ocrx_word' id='word_1_258' title='bbox 804 3083 1104 3150; x_wconf 75' lang='lat' dir='ltr'><strong>appellante?</strong></span> <span class='ocrx_word' id='word_1_259' title='bbox 1124 3084 1262 3132; x_wconf 84' lang='lat' dir='ltr'><strong>Testo</strong></span> <span class='ocrx_word' id='word_1_260' title='bbox 1282 3100 1331 3132; x_wconf 87' lang='lat' dir='ltr'><strong>x.</strong></span> 
     </span>
    </p>

    <p class='ocr_par' dir='ltr' id='par_1_9' title="bbox 299 3159 1330 3730">
     <span class='ocr_line' id='line_1_32' title="bbox 343 3159 1329 3234; baseline -0.001 -20"><span class='ocrx_word' id='word_1_261' title='bbox 343 3159 437 3231; x_wconf 76' lang='lat'><strong>&#39;(2)</strong></span> <span class='ocrx_word' id='word_1_262' title='bbox 476 3167 628 3234; x_wconf 82' lang='lat' dir='ltr'><strong>Atque</strong></span> <span class='ocrx_word' id='word_1_263' title='bbox 668 3167 780 3215; x_wconf 86' lang='lat' dir='ltr'><strong>hinc</strong></span> <span class='ocrx_word' id='word_1_264' title='bbox 822 3177 947 3232; x_wconf 82' lang='lat' dir='ltr'><strong>patet</strong></span> <span class='ocrx_word' id='word_1_265' title='bbox 994 3166 1116 3214; x_wconf 87' lang='lat' dir='ltr'><strong>mala</strong></span> <span class='ocrx_word' id='word_1_266' title='bbox 1160 3183 1329 3215; x_wconf 86' lang='lat' dir='ltr'><strong>eorum</strong></span> 
     </span>
     <span class='ocr_line' id='line_1_33' title="bbox 303 3251 1329 3316; baseline -0.001 -19"><span class='ocrx_word' id='word_1_267' title='bbox 303 3251 418 3299; x_wconf 84' lang='lat' dir='ltr'><strong>fides</strong></span> <span class='ocrx_word' id='word_1_268' title='bbox 443 3288 455 3310; x_wconf 90' lang='lat'><strong>‚</strong></span> <span class='ocrx_word' id='word_1_269' title='bbox 487 3254 596 3316; x_wconf 78' lang='lat' dir='ltr'><strong>qui,</strong></span> <span class='ocrx_word' id='word_1_270' title='bbox 640 3252 697 3299; x_wconf 87' lang='lat' dir='ltr'><strong>ad</strong></span> <span class='ocrx_word' id='word_1_271' title='bbox 727 3251 1096 3301; x_wconf 82' lang='lat' dir='ltr'><strong>cohonestandas</strong></span> <span class='ocrx_word' id='word_1_272' title='bbox 1129 3252 1329 3315; x_wconf 83' lang='lat' dir='ltr'><strong>propriae</strong></span> 
     </span>
     <span class='ocr_line' id='line_1_34' title="bbox 303 3332 1325 3394; baseline 0 -14"><span class='ocrx_word' id='word_1_273' title='bbox 303 3342 433 3381; x_wconf 63' lang='lat' dir='ltr'><strong>sectas</strong></span> <span class='ocrx_word' id='word_1_274' title='bbox 459 3332 710 3380; x_wconf 84' lang='lat' dir='ltr'><strong>divisiones</strong></span> <span class='ocrx_word' id='word_1_275' title='bbox 742 3336 791 3381; x_wconf 88' lang='lat' dir='ltr'><strong>in</strong></span> <span class='ocrx_word' id='word_1_276' title='bbox 818 3334 957 3382; x_wconf 83' lang='lat' dir='ltr'><strong>rebus</strong></span> <span class='ocrx_word' id='word_1_277' title='bbox 993 3334 1102 3382; x_wconf 80' lang='lat' dir='ltr'><strong>fidei</strong></span> <span class='ocrx_word' id='word_1_278' title='bbox 1122 3371 1135 3394; x_wconf 89' lang='lat'>‚</span> <span class='ocrx_word' id='word_1_279' title='bbox 1156 3336 1207 3381; x_wconf 89' lang='lat' dir='ltr'><strong>in</strong></span> <span class='ocrx_word' id='word_1_280' title='bbox 1225 3348 1325 3380; x_wconf 83' lang='lat' dir='ltr'><strong>me-</strong></span> 
     </span>
     <span class='ocr_line' id='line_1_35' title="bbox 300 3414 1324 3482; baseline -0.001 -18"><span class='ocrx_word' id='word_1_281' title='bbox 300 3416 435 3464; x_wconf 87' lang='lat' dir='ltr'><strong>dium</strong></span> <span class='ocrx_word' id='word_1_282' title='bbox 461 3414 664 3463; x_wconf 80' lang='lat' dir='ltr'><strong>afferunt</strong></span> <span class='ocrx_word' id='word_1_283' title='bbox 677 3415 984 3464; x_wconf 81' lang='lat' dir='ltr'><strong>dissensiones</strong></span> <span class='ocrx_word' id='word_1_284' title='bbox 1001 3416 1324 3482; x_wconf 81' lang='lat' dir='ltr'><strong>theologorum</strong></span> 
     </span>
     <span class='ocr_line' id='line_1_36' title="bbox 301 3500 1326 3565; baseline -0.001 -17"><span class='ocrx_word' id='word_1_285' title='bbox 301 3500 638 3549; x_wconf 83' lang='lat' dir='ltr'><strong>catholicorum</strong></span> <span class='ocrx_word' id='word_1_286' title='bbox 662 3536 674 3555; x_wconf 93' lang='lat'><strong>‚</strong></span> <span class='ocrx_word' id='word_1_287' title='bbox 710 3516 806 3546; x_wconf 89' lang='lat' dir='ltr'><strong>non</strong></span> <span class='ocrx_word' id='word_1_288' title='bbox 838 3501 1132 3549; x_wconf 83' lang='lat' dir='ltr'><strong>advertentes</strong></span> <span class='ocrx_word' id='word_1_289' title='bbox 1161 3501 1326 3565; x_wconf 84' lang='lat' dir='ltr'><strong>ingens</strong></span> 
     </span>
     <span class='ocr_line' id='line_1_37' title="bbox 300 3582 1330 3632; baseline 0 -1"><span class='ocrx_word' id='word_1_290' title='bbox 300 3586 521 3632; x_wconf 76' lang='lat' dir='ltr'><strong>interesse</strong></span> <span class='ocrx_word' id='word_1_291' title='bbox 557 3582 810 3630; x_wconf 86' lang='lat' dir='ltr'><strong>discrimen</strong></span> <span class='ocrx_word' id='word_1_292' title='bbox 843 3584 965 3631; x_wconf 88' lang='lat' dir='ltr'><strong>inter</strong></span> <span class='ocrx_word' id='word_1_293' title='bbox 1004 3584 1253 3631; x_wconf 83' lang='lat' dir='ltr'><strong>divisiones</strong></span> <span class='ocrx_word' id='word_1_294' title='bbox 1283 3594 1330 3631; x_wconf 84' lang='lat' dir='ltr'><strong>et</strong></span> 
     </span>
     <span class='ocr_line' id='line_1_38' title="bbox 299 3665 1329 3730; baseline 0.001 -18"><span class='ocrx_word' id='word_1_295' title='bbox 299 3665 466 3730; x_wconf 85' lang='lat' dir='ltr'><strong>placita</strong></span> <span class='ocrx_word' id='word_1_296' title='bbox 500 3666 827 3714; x_wconf 66' lang='lat' dir='ltr'><strong>haereticorum</strong></span> <span class='ocrx_word' id='word_1_297' title='bbox 855 3701 868 3725; x_wconf 88' lang='lat'>,</span> <span class='ocrx_word' id='word_1_298' title='bbox 896 3680 1000 3730; x_wconf 83' lang='lat' dir='ltr'><strong>quae</strong></span> <span class='ocrx_word' id='word_1_299' title='bbox 1032 3667 1250 3715; x_wconf 84' lang='lat' dir='ltr'><strong>oriuntur</strong></span> <span class='ocrx_word' id='word_1_300' title='bbox 1271 3680 1329 3714; x_wconf 86' lang='lat' dir='ltr'><strong>ex</strong></span> 
     </span>
    </p>
   </div>
   <div class='ocr_carea' id='block_1_6' title="bbox 1408 3085 2443 3732">
    <p class='ocr_par' dir='ltr' id='par_1_10' title="bbox 1408 3085 2443 3732">
     <span class='ocr_line' id='line_1_39' title="bbox 1423 3085 2442 3150; baseline 0.001 -18"><span class='ocrx_word' id='word_1_301' title='bbox 1423 3085 1656 3133; x_wconf 86' lang='lat' dir='ltr'><strong>subruunt</strong></span> <span class='ocrx_word' id='word_1_302' title='bbox 1674 3085 1815 3132; x_wconf 83' lang='lat' dir='ltr'><strong>fidem</strong></span> <span class='ocrx_word' id='word_1_303' title='bbox 1840 3088 1990 3150; x_wconf 82' lang='lat' dir='ltr'><strong>ipsam</strong></span> <span class='ocrx_word' id='word_1_304' title='bbox 2010 3124 2022 3145; x_wconf 89' lang='lat'>‚</span> <span class='ocrx_word' id='word_1_305' title='bbox 2055 3097 2099 3134; x_wconf 88' lang='lat' dir='ltr'><strong>et</strong></span> <span class='ocrx_word' id='word_1_306' title='bbox 2123 3085 2442 3146; x_wconf 82' lang='lat' dir='ltr'><strong>accidentales,</strong></span> 
     </span>
     <span class='ocr_line' id='line_1_40' title="bbox 1421 3164 2443 3234; baseline 0 -19"><span class='ocrx_word' id='word_1_307' title='bbox 1421 3178 1470 3215; x_wconf 88' lang='lat' dir='ltr'><strong>ut</strong></span> <span class='ocrx_word' id='word_1_308' title='bbox 1491 3170 1554 3216; x_wconf 84' lang='lat' dir='ltr'><strong>ita</strong></span> <span class='ocrx_word' id='word_1_309' title='bbox 1568 3167 1741 3227; x_wconf 85' lang='lat' dir='ltr'><strong>dicam,</strong></span> <span class='ocrx_word' id='word_1_310' title='bbox 1759 3164 1974 3234; x_wconf 87' lang='lat' dir='ltr'><strong>levesque</strong></span> <span class='ocrx_word' id='word_1_311' title='bbox 1990 3169 2296 3217; x_wconf 85' lang='lat' dir='ltr'><strong>dissensiones</strong></span> <span class='ocrx_word' id='word_1_312' title='bbox 2314 3169 2443 3216; x_wconf 89' lang='lat' dir='ltr'><strong>theo-</strong></span> 
     </span>
     <span class='ocr_line' id='line_1_41' title="bbox 1413 3251 2438 3319; baseline 0.003 -24"><span class='ocrx_word' id='word_1_313' title='bbox 1413 3264 1625 3319; x_wconf 82' lang='lat' dir='ltr'><strong>logorum</strong></span> <span class='ocrx_word' id='word_1_314' title='bbox 1649 3287 1662 3308; x_wconf 91' lang='lat'>‚</span> <span class='ocrx_word' id='word_1_315' title='bbox 1710 3252 1790 3315; x_wconf 90' lang='lat' dir='ltr'><strong>qui</strong></span> <span class='ocrx_word' id='word_1_316' title='bbox 1813 3252 1862 3296; x_wconf 89' lang='lat' dir='ltr'><strong>in</strong></span> <span class='ocrx_word' id='word_1_317' title='bbox 1894 3251 1986 3299; x_wconf 86' lang='lat' dir='ltr'><strong>fide</strong></span> <span class='ocrx_word' id='word_1_318' title='bbox 2023 3253 2270 3299; x_wconf 86' lang='lat' dir='ltr'><strong>unanimes</strong></span> <span class='ocrx_word' id='word_1_319' title='bbox 2294 3259 2438 3311; x_wconf 87' lang='lat' dir='ltr'><strong>sunt,</strong></span> 
     </span>
     <span class='ocr_line' id='line_1_42' title="bbox 1408 3335 2441 3400; baseline -0.001 -19"><span class='ocrx_word' id='word_1_320' title='bbox 1408 3344 1454 3381; x_wconf 90' lang='lat' dir='ltr'><strong>et</strong></span> <span class='ocrx_word' id='word_1_321' title='bbox 1479 3350 1682 3400; x_wconf 84' lang='lat' dir='ltr'><strong>quorum</strong></span> <span class='ocrx_word' id='word_1_322' title='bbox 1714 3336 2032 3382; x_wconf 67' lang='lat' dir='ltr'><strong>controversiae</strong></span> <span class='ocrx_word' id='word_1_323' title='bbox 2056 3336 2287 3399; x_wconf 83' lang='lat' dir='ltr'><strong>agitantur</strong></span> <span class='ocrx_word' id='word_1_324' title='bbox 2320 3335 2441 3381; x_wconf 86' lang='lat' dir='ltr'><strong>circa</strong></span> 
     </span>
     <span class='ocr_line' id='line_1_43' title="bbox 1409 3416 2439 3482; baseline -0.003 -16"><span class='ocrx_word' id='word_1_325' title='bbox 1409 3433 1461 3466; x_wconf 81' lang='lat' dir='ltr'><strong>ea</strong></span> <span class='ocrx_word' id='word_1_326' title='bbox 1485 3454 1498 3475; x_wconf 92' lang='lat'>‚</span> <span class='ocrx_word' id='word_1_327' title='bbox 1532 3431 1637 3482; x_wconf 79' lang='lat' dir='ltr'><strong>quae</strong></span> <span class='ocrx_word' id='word_1_328' title='bbox 1664 3416 1877 3463; x_wconf 87' lang='lat' dir='ltr'><strong>nondum</strong></span> <span class='ocrx_word' id='word_1_329' title='bbox 1913 3417 1974 3466; x_wconf 83' lang='lat' dir='ltr'><strong>ab</strong></span> <span class='ocrx_word' id='word_1_330' title='bbox 2004 3417 2212 3466; x_wconf 83' lang='lat' dir='ltr'><strong>Ecclesia</strong></span> <span class='ocrx_word' id='word_1_331' title='bbox 2248 3416 2439 3464; x_wconf 83' lang='lat' dir='ltr'><strong>definita</strong></span> 
     </span>
     <span class='ocr_line' id='line_1_44' title="bbox 1409 3498 2441 3565; baseline -0.003 -17"><span class='ocrx_word' id='word_1_332' title='bbox 1409 3510 1546 3558; x_wconf 84' lang='lat' dir='ltr'><strong>sunt,</strong></span> <span class='ocrx_word' id='word_1_333' title='bbox 1591 3515 1680 3547; x_wconf 89' lang='lat' dir='ltr'><strong>nec</strong></span> <span class='ocrx_word' id='word_1_334' title='bbox 1715 3499 1890 3548; x_wconf 86' lang='lat' dir='ltr'><strong>habent</strong></span> <span class='ocrx_word' id='word_1_335' title='bbox 1915 3518 1996 3565; x_wconf 90' lang='lat' dir='ltr'><strong>pro</strong></span> <span class='ocrx_word' id='word_1_336' title='bbox 2037 3499 2218 3565; x_wconf 80' lang='lat' dir='ltr'><strong>objecto</strong></span> <span class='ocrx_word' id='word_1_337' title='bbox 2244 3501 2333 3547; x_wconf 89' lang='lat' dir='ltr'><strong>nisi</strong></span> <span class='ocrx_word' id='word_1_338' title='bbox 2366 3498 2441 3545; x_wconf 85' lang='lat' dir='ltr'><strong>di—</strong></span> 
     </span>
     <span class='ocr_line' id='line_1_45' title="bbox 1413 3580 2440 3649; baseline -0.002 -19"><span class='ocrx_word' id='word_1_339' title='bbox 1413 3599 1593 3631; x_wconf 80' lang='lat' dir='ltr'><strong>versam</strong></span> <span class='ocrx_word' id='word_1_340' title='bbox 1622 3585 1851 3632; x_wconf 83' lang='lat' dir='ltr'><strong>rationem</strong></span> <span class='ocrx_word' id='word_1_341' title='bbox 1871 3583 2133 3649; x_wconf 83' lang='lat' dir='ltr'><strong>exponendi</strong></span> <span class='ocrx_word' id='word_1_342' title='bbox 2161 3597 2214 3630; x_wconf 81' lang='lat' dir='ltr'><strong>ea</strong></span> <span class='ocrx_word' id='word_1_343' title='bbox 2242 3598 2345 3647; x_wconf 66' lang='lat' dir='ltr'><strong>quas</strong></span> <span class='ocrx_word' id='word_1_344' title='bbox 2378 3580 2440 3629; x_wconf 84' lang='lat' dir='ltr'><strong>ad</strong></span> 
     </span>
     <span class='ocr_line' id='line_1_46' title="bbox 1411 3662 2439 3732; baseline 0 -18"><span class='ocrx_word' id='word_1_345' title='bbox 1411 3666 1557 3715; x_wconf 83' lang='lat' dir='ltr'><strong>fidem</strong></span> <span class='ocrx_word' id='word_1_346' title='bbox 1581 3667 1835 3731; x_wconf 84' lang='lat' dir='ltr'><strong>pertinent,</strong></span> <span class='ocrx_word' id='word_1_347' title='bbox 1859 3667 1985 3717; x_wconf 77' lang='lat' dir='ltr'><strong>salva</strong></span> <span class='ocrx_word' id='word_1_348' title='bbox 2001 3682 2183 3732; x_wconf 81' lang='lat' dir='ltr'><strong>semper</strong></span> <span class='ocrx_word' id='word_1_349' title='bbox 2204 3662 2301 3715; x_wconf 77' lang='lat' dir='ltr'><strong>fide</strong></span> <span class='ocrx_word' id='word_1_350' title='bbox 2320 3667 2439 3730; x_wconf 83' lang='lat' dir='ltr'><strong>ipsa.</strong></span> 
     </span>
    </p>
   </div>
  </div>
 </body>
</html>
