2554 4140
693 129 843 166 nior.
894 130 973 168 lv.
1022 128 1089 163 nn
1131 127 1283 163 neci..
1331 107 1526 161 raon.
2038 99 2158 158 243

55 274 270 332 lectum
299 271 360 327 in
389 269 731 351 obsequium
773 269 908 327 fidei
942 267 1034 346 (11
1065 266 1194 324 Cor.
1227 265 1280 322 X
1301 309 1318 338 7
1362 265 1432 338 ὅς
1480 265 1729 346 Philipp.
1780 266 1868 339 11,
1913 263 2061 343 17)-;
2103 275 2164 322 et

57 366 410 449 quicumque
448 363 557 422 sibi
596 375 815 422 temere
846 369 1188 439 arrogarunt
1227 357 1511 433 ejusmodi
1538 358 2005 417 commentitium
2024 362 2120 436 jus
2149 402 2165 432 ‚

62 482 122 519 se
147 458 568 518 committendo
585 457 779 517 liberae
795 452 1151 534 navigationi
1169 492 1185 522 .,
1210 461 1276 508 ut
1289 451 1670 512 similitudine
1685 454 1999 513 adversarii
2015 463 2164 526 utar,

58 559 590 634 naufragaverunt
628 558 792 612 circa
815 552 996 628 fidem
1032 547 1105 624 (1
1145 545 1293 603 Tim.
1347 548 1413 618 Ι,
1458 546 1577 624 19)
1620 559 1687 605 ut
1729 536 2069 628 Hymeneus*
2110 559 2172 608 et

65 649 430 722 Alexander,
460 659 637 730 prout
664 644 911 704 testatur
937 639 1260 723 Apostolus·
1299 639 1469 698 Certe
1507 639 1768 699 Christus
1787 686 1804 715 .,
1848 660 1981 700 cum
2014 642 2174 701 misit

68 743 371 824 Apostolos
397 743 470 800 ad
493 738 924 822 praedicandum
941 781 957 809 .,
998 736 1071 795 de
1096 733 1377 814 ejusmodi
1395 737 1529 812 jure
1559 752 1635 794 ne
1659 735 1907 795 verbum
1935 737 2175 818 quidem

83 839 217 897 fecit
238 883 254 913 ,
281 838 382 896 sed
393 835 728 917 simpliciter
750 833 830 892 eis
847 831 992 891 dixit
1018 853 1032 889 ε
1062 832 1391 891 Proedicate
1411 830 1472 889 E
1477 831 1817 909 vanyclimn
1831 835 2002 889 omni
2019 847 2181 891 crea-

69 945 218 994 turoe
233 935 387 1011 :qui
400 930 746 997 crediderit,
769 934 969 986 salvus
992 931 1135 994 erin
1157 930 1271 1005 qui
1293 947 1417 984 non
1443 925 1793 994 crediderit,
1823 926 2180 984 condemna·—

69 1029 256 1085 hitur.
288 1024 497 1083 Videat
533 1022 898 1083 adversarius
919 1067 934 1095 7
966 1043 1041 1080 ne
1067 1022 1130 1079 in
1155 1020 1367 1079 horum
1400 1041 1574 1080 censu
1597 1020 1690 1080 sit.

154 1119 276 1178 86.>
304 1117 440 1195 Obj.
474 1119 646 1176 tertio
670 1139 803 1176 cum
830 1117 1169 1195 Benjamino
1199 1116 1484 1175 Constant
1516 1116 1628 1196 (l).
1670 1114 1933 1174 Christus
1958 1112 2183 1173 nullam

71 1213 523 1272 determinatam
562 1233 627 1270 ac
662 1210 1016 1294 peculiarem
1046 1210 1354 1270 Ecclesiam
1387 1211 1640 1268 instituit
1666 1254 1682 1284 .,
1729 1209 1960 1268 nullum
1994 1220 2183 1269 exter-

72 1331 218 1367 num
250 1329 314 1366 ac
356 1308 589 1388 proprie
628 1306 847 1376 dictum
888 1305 1320 1380 Sacerdotium,
1361 1305 1463 1364 sed
1501 1305 1796 1363 ministros
1828 1316 2092 1379 tantum,
2125 1315 2186 1363 et

79 1402 319 1483 quidem
342 1401 413 1459 ab
438 1401 686 1459 invicem
706 1399 918 1472 liberos
937 1445 953 1475 ‚
995 1400 1159 1457 misit
1184 1398 1258 1456 ad
1288 1398 1755 1457 annuntiandam
1792 1398 2022 1479 populis
2047 1398 2188 1458 doc—

80 1498 298 1555 trinam
327 1517 489 1553 suam
508 1539 525 1568 ,
553 1514 679 1575 quae
714 1515 810 1552 cor
831 1498 1024 1575 potius
1051 1515 1228 1574 quam
1258 1504 1527 1551 mentem.
1552 1493 1746 1551 afficit.
1774 1493 1994 1574 Religio
2025 1489 2184 1552 enim

80 1590 462 1658 essentialiter
486 1612 606 1647 non
629 1589 892 1648 consistit
909 1587 1022 1646 nisi
1043 1589 1103 1645 in
1124 1587 1308 1645 cordis
1324 1586 1532 1646 affectu
1553 1633 1568 1661 7
1595 1609 1660 1645 ac
1688 1608 1847 1645 mere
1867 1633 1882 1659 .,
1910 1598 1976 1645 ut
1998 1589 2191 1665 ajunt,

84 1686 514 1753 Senamontai,
554 1705 683 1764 quae
716 1682 963 1764 proinde
1002 1683 1063 1739 in
1100 1704 1160 1741 se
1192 1681 1572 1740 immutabilis
1607 1693 1731 1756 est,
1771 1681 1905 1740 licet
1941 1681 2198 1742 diversas

86 1781 300 1839 formas
329 1777 707 1838 accidentales
732 1799 934 1859 capere
965 1778 1175 1858 possit,
1219 1776 1356 1834 hinc
1394 1775 1702 1835 diversitas
1730 1776 2049 1834 formarum
2077 1798 2201 1835 non

89 1874 266 1933 officit
311 1874 521 1932 unitati
568 1873 881 1952 religionis·
931 1874 1210 1954 Oportet
1233 1882 1513 1952 praeterea
1563 1871 1918 1949 distinguere
1937 1917 1953 1946 ,Ι
2004 1870 2204 1929 subdit

92 1967 534 2028 Bretschneider
571 1969 694 2048 (2),
733 1969 887 2027 inter
936 1967 1246 2026 Ecclesiam
1279 1978 1340 2025 et
1383 1958 1895 2041 christianitatem3
1939 1966 2202 2025 Christus

42 2066 45 2069 ’
93 2065 374 2122 Dominus
404 2062 674 2121 fundavit
692 2061 927 2143 quidem
955 2062 1462 2121 Christianismum
1480 2107 1496 2135 a
1528 2062 1767 2120 minime
1790 2081 1928 2121 vero
1955 2061 2207 2121 formam

22 2235 24 2237 ι
93 2159 436 2217 catholicam
478 2159 573 2218 vel
614 2176 856 2238 graecam
899 2157 993 2226 vel
1024 2157 1493 2237 evangelisticam
1530 2153 1971 2215 Christianismi.
2021 2155 2206 2233 Sane,

96 2252 392 2312 concludit
436 2253 593 2311 Felix
637 2251 820 2311 Bodin
865 2252 989 2333 (3),
1040 2251 1294 2312 Ecclesiae
1338 2250 1410 2309 ab
1456 2250 1742 2332 Apostolis
1785 2250 2044 2310 fundatae
2087 2272 2210 2309 non

97 2348 266 2410 erant
304 2347 416 2407 nisi
453 2348 699 2408 totidem
743 2349 1041 2407 societates
1076 2349 1230 2406 inter
1274 2369 1335 2407 se
1384 2347 1672 2406 distinctae
1706 2359 1883 2428 atque
1920 2347 2213 2429 indeperv

99 2443 337 2520 dentem,
375 2444 451 2502 ad
490 2466 739 2525 quarum
779 2444 1035 2522 regimen
1074 2443 1281 2524 aliquis
1317 2465 1388 2501 ex
1416 2442 1916 2523 praestantioribus
1944 2441 2212 2502 fidelibus

102 2538 451 2618 eligebatur3
486 2561 689 2598 omnes
712 2543 908 2597 autem
937 2537 1217 2616 ejusmodi
1248 2538 1649 2595 aristocraticae
1674 2535 2016 2616 respublicae
2040 2552 2218 2594 sacrae·

104 2634 616 2693 communicabant
650 2655 782 2691 cum
813 2635 1074 2691 Romano
1101 2631 1346 2690 Praesicle
1372 2631 1632 2688 adinstar
1666 2641 1924 2688 statuum
1963 2630 2217 2689 foedera·

107 2740 300 2786 torum
334 2729 638 2801 Ameriae,
673 2728 771 2807 qui
800 2728 903 2784 uni
933 2726 1181 2785 subsunt
1211 2724 1465 2804 generali
1496 2724 1766 2797 Praesidi3
1811 2745 1966 2804 ergo.

194 2823 292 2883 87.
337 2826 508 2905 Resp.
551 2821 700 2902 Ney.
744 2834 933 2881 antec.
982 2821 1173 2904 quoad
1202 2842 1403 2880 omnes
1432 2832 1648 2902 partes.
1687 2820 1825 2879 Sero
1860 2821 2033 2879 nimis
2062 2817 2219 2880 Con-

115 2929 272 2977 stant
289 2965 307 2994 ,Ἰ
353 2918 832 2993 Bretschneider7
873 2918 1055 2978 Bodin
1093 2919 1201 2977 ista
1238 2928 1548 2997 systemata
1582 2916 1898 2996 irreligiosa
1938 2936 2004 2978 ac
2042 2917 2220 2977 totius

115 3013 485 3074 revelationis
529 3015 787 3074 eversiva
831 3016 1249 3093 excogitarunt.
1300 3013 1594 3093 Incognita
1638 3012 1875 3072 fuerunt
1932 3012 2219 3095 Apostolis

118 3128 185 3165 ac
205 3109 314 3166 toti
342 3108 677 3190 antiquitati
697 3154 712 3184 7
743 3130 875 3190 quae
901 3108 1181 3186 ejus-modi
1211 3109 1487 3187 figmenta
1513 3128 1589 3166 nc
1611 3108 1928 3172 somniavit
1955 3109 2219 3190 quidem.

192 3352 264 3417 (1)
303 3351 383 3400 Dc
415 3352 463 3399 la
490 3352 692 3417 religion
710 3354 980 3402 consideres
1010 3353 1134 3400 dam
1285 3351 1351 3414 (3)
1387 3351 1667 3400 Βόευηιόόα
1688 3352 2012 3402 eHimirode
2033 3351 2228 3401 Franco

123 3452 178 3482 sa
199 3451 363 3483 source
377 3470 392 3494 ,
429 3451 504 3484 ses
524 3436 701 3499 formos
745 3445 790 3484 et
815 3454 887 3485 see
923 3435 1135 3501 develop-
1218 3437 1469 3497 auqmcmd
1507 3432 1627 3482 d'm·
1672 3432 1949 3502 cosp-d’oeil
1979 3447 2071 3480 sur
2098 3431 2229 3480 Πεδο-

127 3525 278 3566 mem
295 3554 312 3576 ‚
335 3518 527 3566 locu-cit.
1219 3515 1339 3561 coire
1372 3513 1430 3561 de
1471 3513 1519 3562 la
1543 3514 1839 3565 civili-sativa
1866 3552 1880 3575 ‚
1919 3514 2045 3562 Paris
2084 3509 2229 3562 1825.

195 3597 268 3662 (2)
300 3596 449 3662 Opere
471 3600 623 3648 citato.

1893 3674 1988 3733 16.
