2554 4140
413 213 535 251 cAP.
583 210 663 272 ¹.¹¹·
711 212 780 248 mi
823 211 956 250 lvo-r.
1004 208 1119 249 mv.
1165 211 1236 249 Ac
1274 211 1580 251 sumnum.
1628 213 1760 253 miv.
2066 190 2144 250 79

1042 373 1076 452 5
1120 375 1164 432 Ι.

643 565 735 623 De
763 561 1095 641 prophetice
1125 562 1542 640 possibilitate.

126 757 261 818 197.
307 757 557 815 Omnem
583 749 954 832 prophetiam
978 771 1079 810 seu
1095 795 1111 824 7
1140 761 1206 808 ut
1228 760 1455 812 veteres
1481 748 1767 811 vocabant
1783 795 1800 826 .‚
1827 753 2145 815 divinatio-

43 858 142 912 nis
173 845 614 933 possibilitatem
654 866 725 904 ex
762 845 1015 926 antiquis
1044 856 1333 926 negarunt
1356 844 1746 926 Colophonius
1767 890 1784 917 ,
1827 846 2014 905 Tullio
2055 849 2145 929 (l)

39 959 221 1020 teste,
261 954 321 1002 et
352 936 622 1024 Epicurus
645 987 661 1014 ,
691 941 792 1022 qui
817 962 1015 1000 rerum
1046 939 1433 999 humanarum
1460 962 1660 1000 curam
1695 939 1771 999 ad
1807 942 1998 1000 Deum
2025 964 2147 1001 non

38 1041 330 1124 pertinere
358 1038 634 1120 profanus
659 1036 837 1095 homo
862 1035 1152 1095 asserebat
1179 1036 1303 1118 (2);
1336 1036 1416 1095 sic
1439 1037 1620 1095 sensit
1643 1035 1969 1106 Carneades
1987 1082 2005 1112 .,
2046 1058 2148 1096 eo·-

39 1137 173 1195 dem
201 1133 388 1192 Tullio
422 1132 510 1213 (3)
544 1143 707 1192 teste.
745 1134 827 1191 Ex
867 1131 1284 1192 recentioribus
1317 1131 1467 1191 hanc
1500 1134 1622 1191 Deo
1658 1131 1952 1211 denegant
1975 1132 2149 1192 facul-

38 1241 220 1289 tatem
259 1218 453 1288 futura
484 1228 846 1311 praevidendi
881 1228 1128 1309 Spinoza
1153 1226 1246 1306 (4)
1289 1239 1464 1308 atque
1495 1228 1784 1288 Sociniani
1819 1228 1948 1308 (5);
1990 1249 2150 1287 nunc

37 1323 274 1384 demum
311 1324 682 1384 rationalistae
711 1324 821 1405 (6).
856 1322 1147 1383 Adversus
1189 1343 1334 1404 quos
1361 1323 1437 1382 sit
1468 1345 1482 1380 ε

879 1524 1306 1580 PROPOSITIO.

689 1657 1018 1736 Prophetia
1059 1667 1142 1714 est
1175 1657 1499 1736 possibilis.

126 1847 261 1906 198.
309 1848 442 1906 Non
482 1845 778 1927 implicat,
823 1846 946 1905 sive
973 1844 1136 1904 nulla
1167 1857 1254 1904 est
1280 1845 1700 1928 repugnantia,
1747 1849 1938 1907 Deum
1971 1846 2154 1909 libere

40 1945 236 2002 futura
267 1964 608 2023 cognoscere
630 1987 646 2016 ,
689 1954 747 2001 et
778 1941 902 2001 haec
926 1942 1327 2020 manifestare3
1364 1963 1497 2023 ergo
1523 1943 1829 2026 prophetia
1856 1956 1944 2004 est
1970 1946 2154 2026 possi-

41 2037 193 2096 bilis.
218 2041 345 2096 Duo
368 2038 525 2097 enim
552 2038 672 2096 haec
697 2036 770 2096 ad
794 2037 1168 2119 prophetiam
1187 2038 1563 2119 requiruntur
1584 2048 1642 2097 et
1669 2039 1984 2100 sufficiunt.
2019 2044 2055 2100 J
2059 2063 2159 2100 am

40 2153 179 2192 vero
221 2154 343 2191 non
377 2140 735 2214 repugnare,
782 2132 1093 2212 quominus
1137 2134 1290 2191 Deus
1333 2131 1520 2192 libere
1561 2133 1757 2196 futura
1800 2147 2104 2214 cognoscat
2135 2181 2152 2211 ,

41 2226 212 2285 insita
247 2226 581 2286 hominibus
619 2226 742 2309 ipsa
785 2227 890 2286 Dei
925 2225 1055 2286 idea
1099 2227 1344 2303 evincit,
1385 2249 1636 2308 quorum
1671 2251 1736 2288 ea
1774 2252 2006 2312 semper
2046 2231 2156 2291 fuit

39 2322 366 2404 persuasi0.‚
418 2324 606 2380 Deum
648 2322 847 2380 omnia
893 2343 1253 2402 cognoscere.
1294 2323 1458 2382 Idem
1498 2324 1756 2406 postulat
1789 2325 1968 2408 ipsius
2005 2328 2156 2386 entis

39 2416 440 2499 perfectissimi
466 2417 626 2476 notio
642 2462 659 2495 ‚
695 2417 955 2499 alioquin
976 2439 1083 2477 nec
1108 2418 1302 2478 omnia
1333 2421 1643 2501 praesentia
1668 2423 1822 2481 Deus
1855 2434 2151 2498 cerneret,

41 2533 233 2592 neque
275 2513 471 2571 omnia
513 2523 779 2594 tempora
822 2512 1306 2594 complecteretur
1348 2519 1469 2593 ejus
1511 2516 1842 2591 aeternitas.‚
1894 2538 1959 2576 ac
2000 2540 2155 2579 nova

41 2627 272 2688 semper
307 2608 471 2667 fieret
498 2608 742 2667 accessio
773 2608 849 2667 ad
877 2600 998 2687 ejus·
1032 2609 1338 2669 scientiam
1365 2655 1381 2685 ,
1415 2632 1546 2693 quae
1579 2612 1778 2671 omnia
1818 2634 1850 2670 a
1888 2613 1995 2672 Dei
2024 2613 2156 2673 idea

43 2723 412 2784 summopere
434 2701 774 2762 abhorrent.

130 2797 266 2855 199.
316 2796 483 2870 Quod
512 2797 561 2856 si
586 2797 867 2876 ejusmodi
889 2797 1068 2857 libere
1097 2799 1289 2858 futura
1318 2801 1469 2859 Deus
1493 2800 1810 2860 necessario
1838 2804 2152 2882 cognoscit,

43 2889 165 2949 haec
196 2892 322 2972 ipsa
350 2892 718 2952 manifestare
747 2904 941 2974 potest
960 2938 975 2967 ,
1011 2904 1077 2952 ut
1110 2905 1274 2975 patet
1305 2915 1410 2976 per
1437 2917 1498 2954 se
1527 2941 1542 2969 ‚
1581 2907 1639 2954 et
1673 2916 1745 2955 ex
1778 2896 1879 2974 iis,
1920 2919 2051 2979 quae
2077 2898 2151 2959 de

45 2986 411 3047 revelationis
441 2986 820 3069 possibilitate
834 2987 1224 3048 disseruimus
1250 2991 1394 3069 Ergo
1407 2990 1717 3072 prophetia
1733 2992 2022 3074 possibilis
2037 3006 2147 3054 est.

117 3187 189 3252 (l)
226 3186 307 3236 De
331 3188 485 3237 divin.
505 3190 656 3252 liba,
682 3207 783 3256 cap.
804 3191 855 3240 3.
1142 3210 1240 3258 cap.
1281 3191 1334 3254 8,
1368 3209 1435 3260 9,
1492 3210 1583 3257 103
1613 3169 1758 3244 *Joam
1807 3195 2003 3246 Grellius
2027 3234 2040 3258 ‚
2076 3197 2173 3261 Der

120 3269 182 3332 (2)
218 3268 355 3334 Diog.
384 3270 537 3320 Laert.
567 3272 656 3321 lib.
693 3292 720 3321 x
745 3310 758 3333 ‚
795 3272 878 3338 qui
914 3283 982 3322 est
1004 3273 1062 3323 de
1142 3274 1249 3324 Deo
1282 3285 1325 3324 et
1369 3277 1613 3326 attributis
1646 3278 1834 3329 divinis
1867 3317 1881 3340 ,
1905 3299 2006 3347 cap.
2051 3279 2117 3329 26
2139 3316 2155 3342 ‚

49 3349 264 3415 Epicuro.
305 3350 454 3402 Cicer.
491 3350 563 3402 De
594 3362 699 3403 nat.
742 3353 869 3404 deor.
901 3353 984 3404 lib.
1011 3370 1058 3417 1,
1142 3373 1246 3423 pag,
1275 3359 1391 3419 223,
1431 3377 1547 3407 vers.
1581 3360 1773 3426 belgie.;
1809 3361 1966 3412 Valet.
1998 3362 2152 3412 Smal-

47 3449 151 3498 cap.
180 3448 260 3500 19.
1144 3442 1239 3488 zius
1258 3448 1422 3488 contra
1437 3441 1733 3504 Franzium,
1750 3461 1854 3510 pag.
1875 3446 1974 3509 472
1993 3455 2037 3494 et
2050 3462 2150 3511 seq.

116 3512 186 3578 (3)
224 3513 305 3562 De
319 3514 440 3580 fato,
465 3532 566 3581 cap.
591 3515 670 3580 14.
1210 3520 1279 3582 (6)
1314 3521 1667 3587 Wegscheider,
1710 3543 1787 3590 op.
1829 3528 1911 3579 cit.
1951 3544 2053 3592 pag.
2095 3543 2112 3574 1
2135 3564 2150 3589 ‚

119 3594 188 3659 (14)
233 3596 400 3646 Tract.
426 3597 563 3647 theol.
595 3597 737 3664 polit.
1144 3619 1247 3666 cap.
1268 3618 1318 3663 2,
1337 3601 1364 3669 ἓ
1382 3600 1620 3670 503Kant,
1641 3605 1986 3673 Anthropoloq.
2019 3624 2105 3657 101
2133 3646 2148 3670 ,

119 3676 193 3740 (5)
226 3677 380 3728 Faust.
412 3678 565 3728 Socin.
593 3682 643 3728 in
682 3679 899 3731 Praelect.
920 3680 1054 3730 theol.
1143 3680 1269 3748 apud
1306 3685 1542 3735 eumdem.
