2554 4140
414 136 538 174 cn.
584 135 664 174 1v.
710 132 780 172 uz
823 130 1000 170 mnsr.
1049 132 1169 170 mv.
1220 131 1290 168 ac
1333 125 1643 169 surERNA‘r.
1691 128 1821 170 nav.
1903 142 1907 144 Α
2060 106 2173 168 177

143 278 282 338 403.
331 280 503 360 Resp.
541 277 617 336 ad
658 277 771 351 1¹1¹,
810 278 969 335 Dist.
1005 271 1174 345 Quod
1210 282 1413 329 tamen
1448 280 1699 350 systema
1731 268 1804 327 ab
1839 269 1964 350 ipso
1991 267 2178 328 chris-

61 374 233 433 tianae
267 372 559 452 religionis
589 383 824 430 auctore
848 367 1078 428 Christo
1103 364 1386 442 originem
1412 364 1574 428 ducit
1593 410 1609 438 ,
1647 386 1838 430 conc.,·
1875 375 1934 423 et
1961 374 2176 446 praete-

62 491 161 528 rea
187 468 293 527 soli
315 467 611 548 systemati
635 466 770 523 huic
797 460 1088 540 religionis
1122 458 1485 516 conservatio
1520 458 1771 516 adscribi
1799 457 1974 518 debet
1996 504 2011 534 .‚
2049 481 2176 540 neq.

63 565 276 644 Utique
307 562 657 644 principium
697 554 1053 617 auctoritatis
1094 563 1183 610 est
1217 550 1672 609 fundamentum
1714 551 2041 614 christianae
2082 577 2178 614 re-

61 657 288 737 ligionis
313 702 329 730 ‚
389 658 579 715 aiente
631 651 860 712 Christo
915 669 929 706 ι
993 647 1118 727 Qui
1167 646 1502 705 Ecclesiam
1565 667 1686 703 non
1734 649 2042 721 audierit,
2100 655 2183 710 sit

63 755 182 811 tibi
207 756 367 811 sicut
389 751 660 808 ethnicus
694 756 749 804 et
771 745 1152 824 publicanus
1173 740 1199 820 (
1218 740 1426 800 Matth.
1458 742 1646 800 XVIII
1666 785 1682 815 .,
1729 742 1800 800 17
1819 743 1874 820 );
1921 745 2046 822 Qui
2085 767 2181 806 vos

63 849 268 920 audit,
298 867 389 903 me
415 841 642 918 audit(
671 841 805 898 Luc.
839 841 890 896 X
917 884 932 913 .,
967 839 1080 917 16)
1101 883 1116 910 a
1141 836 1300 919 quod
1322 837 1383 896 et
1407 836 1515 895 alia
1541 836 1827 914 ejusmodi
1849 838 2181 899 testimonia

63 941 421 1023 apertissime
455 937 737 997 evincunt
757 981 772 1009 ,
820 945 879 993 et
915 956 1022 992 nos
1045 955 1148 992 suo
1178 932 1304 992 loco
1344 931 1753 1008 ostendemus3
1782 943 1840 990 at
1863 931 2183 995 absurdum

64 1047 150 1096 est
170 1083 187 1111 .,
237 1035 337 1092 uni
394 1032 529 1090 huic
576 1030 878 1111 systemati
931 1028 1193 1088 Ecclesiae
1247 1028 1752 1087 conservationem
1807 1026 2134 1087 adscribere
2162 1074 2179 1104 a

64 1128 223 1188 nulla
260 1125 460 1186 habita
503 1127 730 1185 ratione
774 1124 1036 1206 specialis
1081 1124 1295 1182 divinae
1341 1145 1475 1203 erga
1522 1144 1650 1181 eam
1696 1122 2083 1203 providentiae
2126 1134 2185 1183 et

63 1224 431 1283 adsistentiae.
479 1222 752 1303 Alioquin
782 1242 986 1279 omnes
1029 1220 1286 1300 antiquae
1323 1231 1491 1278 sectae
1514 1264 1529 1293 a
1577 1237 1705 1299 quae
1731 1263 1748 1292 ,
1787 1230 2031 1299 excepto
2063 1241 2184 1278 uno

65 1319 320 1380 alterove
367 1329 586 1399 puncto
629 1300 765 1376 sive·
796 1316 932 1374 fidei
975 1314 1255 1387 articu105
1305 1315 1369 1372 in
1408 1335 1524 1396 quo
1559 1323 1871 1386 errarunt,
1932 1314 2184 1394 systema

67 1414 423 1474 auctoritatis
447 1409 738 1491 integrum
768 1412 1177 1483 retinuerunt,
1211 1407 1534 1487 cujusmodi
1553 1429 1607 1466 v.
1626 1431 1681 1488 g.
1701 1408 1920 1467 fuerint
1946 1410 2180 1486 Ariani,

68 1509 281 1591 quique
317 1508 656 1566 universum
701 1507 820 1565 fere
862 1504 1066 1564 orbem
1112 1503 1527 1577 obtinuerant,
1567 1501 1907 1562 debuissent
1948 1524 2185 1564 conser-

66 1604 223 1676 vari,
262 1603 418 1683 quod
455 1613 653 1660 tamen
689 1603 908 1660 factum
943 1622 1064 1658 non
1099 1611 1228 1676 est3
1266 1611 1467 1658 contra
1492 1644 1507 1672 ,
1555 1599 2070 1657 Protestantismus
2112 1620 2185 1659 ex

58 1698 324 1779 opposito
340 1697 626 1778 principio
642 1698 840 1756 statim
865 1696 1088 1755 destrui
1105 1694 1402 1754 debuisset
1424 1740 1439 1769 7
1471 1716 1652 1775 quum
1679 1715 1919 1754 omnem
1938 1696 2187 1754 auctori-

58 1805 239 1852 tatem
256 1795 500 1871 rejiciat.
523 1796 727 1875 Itaque
744 1794 1049 1875 perpensis
1068 1804 1196 1851 tum
1214 1790 1503 1873 principio
1524 1791 1880 1848 auctoritatis
1897 1802 2025 1849 tum
2040 1803 2186 1851 cete-

58 1889 136 1947 ris
160 1888 434 1948 omnibus
454 1934 469 1963 ,
497 1889 711 1971 quaein
735 1887 1177 1970 probationibus
1195 1885 1497 1945 attulimus
1520 1929 1535 1958 ,
1569 1886 1933 1961 conservatio
1961 1887 2186 1947 extrin-

63 2005 189 2043 seca
214 1983 476 2043 Ecclesiae
503 2005 625 2042 non
661 1985 769 2043 nisi
795 1984 1006 2045 divinae
1038 1982 1393 2042 adsistentiae
1423 1978 1602 2039 tribui
1631 1978 1809 2038 debet
1841 1979 1937 2040 vel
1965 1992 2180 2062 potest.

146 2078 287 2138 404.
339 2078 427 2137 Ad
456 2079 541 2137 211¹
563 2124 578 2153 ,
614 2081 757 2160 Neq.
797 2081 1032 2160 paritat.
1074 2080 1153 2137 Ac
1182 2077 1373 2158 primo
1398 2074 1642 2156 quidem
1672 2074 1831 2155 quod
1863 2087 2089 2156 spectat
2109 2076 2186 2136 ad

62 2172 489 2247 Islamismum‚
521 2173 646 2255 ipse
684 2172 1182 2255 quemadmodum
1205 2171 1325 2231 sola
1363 2192 1663 2229 armorum
1704 2173 1762 2228 vi
1795 2183 2181 2251 propagatuS,

61 2273 140 2327 sic
173 2267 379 2327 eadem
410 2269 628 2329 virtute
665 2280 1040 2330 conservatus
1075 2281 1200 2342 est3
1236 2289 1410 2350 porro
1440 2271 1560 2345 ejus
1592 2265 1830 2327 felicitas
1852 2267 2056 2325 crescit
2083 2278 2186 2325 aut

59 2363 430 2426 imminuitur
465 2364 671 2423 eodem
705 2364 921 2444 gradu,
961 2386 1075 2446 quo
1109 2368 1230 2442 ejus
1259 2374 1503 2423 externa
1534 2362 1736 2421 crescit
1761 2372 1861 2419 aut
1896 2362 2185 2422 minuitur

60 2470 335 2541 potestas.
376 2458 548 2518 Nulla
582 2460 743 2519 enim
787 2460 1102 2519 intrinseca
1152 2459 1372 2519 virtute
1403 2458 1667 2517 consistit
1710 2469 1770 2516 et
1807 2470 2182 2517 conservatus

63 2566 149 2615 est
171 2600 187 2629 .‚
217 2554 466 2636 perinde
499 2576 565 2615 ac
590 2557 910 2637 Imperium
936 2556 1172 2615 sinense
1193 2600 1209 2629 .,
1243 2553 1404 2636 quod
1435 2575 1467 2612 a
1495 2564 1585 2613 tot
1623 2551 1843 2612 saeculis
1877 2552 2179 2633 perdurat.

66 2649 296 2709 Accedit
323 2649 480 2731 quod
507 2671 699 2732 neque
733 2651 1046 2711 intrinseca
1076 2671 1267 2731 neque
1293 2649 1617 2708 extrinseca
1651 2646 1750 2706 illa
1784 2648 2185 2726 experimenta

67 2742 422 2803 Islamismus
466 2765 667 2826 passus
711 2755 800 2804 est
826 2791 842 2819 ‚
903 2745 1114 2827 quibus
1166 2754 1452 2826 perpetuo
1488 2741 1746 2819 subjecta
1786 2741 1898 2799 fuit
1937 2741 2185 2802 Ecclesia

66 2837 341 2898 catholica
362 2884 379 2915 ‚
415 2850 483 2897 ut
522 2860 594 2898 ex
630 2839 800 2898 dictis
837 2851 1017 2921 patet.
1058 2843 1093 2900 J
1100 2840 1394 2899 udaismus
1436 2857 1576 2898 vero
1608 2847 1696 2895 est
1730 2837 1791 2894 in
1836 2835 1949 2894 alio
1980 2839 2183 2918 provi-

71 2933 280 2994 dentiae
314 2934 518 2994 ordine
558 2936 952 3011 constitutUS,
1001 2948 1176 3019 atque
1227 2958 1298 2995 ex
1348 2933 1770 3015 prophetarum
1821 2943 1880 2992 et
1923 2935 2185 3015 Apostoli

73 3029 355 3088 vaticiniis
393 3031 473 3088 sic
516 3030 694 3091 debet
736 3053 1110 3114 perseverare
1161 3052 1345 3112 usque
1390 3029 1531 3088 dum
1579 3028 1987 3110 compleantur
2032 3041 2188 3089 tem—

74 3143 215 3204 pora
254 3125 562 3184 nationum
601 3127 814 3208 (Rom.
857 3129 936 3185 XI
969 3173 985 3201 ,
1031 3128 1190 3208 25);
1226 3127 1516 3208 ipsiusque
1560 3124 1923 3185 conservatio
1952 3122 2040 3183 est
2068 3148 2189 3209 pu-

75 3217 296 3277 blicum
352 3240 416 3279 ac
459 3234 812 3303 perpetuum
872 3224 1274 3282 testimonium
1333 3233 1463 3280 tum
1530 3221 1871 3280 Judaeorum
1934 3222 2192 3302 perfidiae

78 3324 206 3373 tum
248 3314 567 3376 divinitatis
611 3317 898 3398 religionis
940 3319 1285 3378 christianae.
1328 3316 1440 3376 Sed
1476 3315 1549 3375 de
1594 3316 1705 3375 hoc
1743 3329 2087 3396 argumento
2129 3320 2194 3377 in

78 3411 348 3469 Tractatu
380 3410 454 3470 de
479 3415 897 3473 lncarnatione.

158 3493 298 3563 405.
348 3506 432 3564 Ad
462 3506 543 3563 4¹¹¹
565 3552 581 3580 ‚
619 3509 771 3567 Dz'st.
804 3511 948 3582 Quia
976 3509 1194 3569 scilicet
1224 3531 1255 3566 a
1281 3511 1399 3567 Deo
1424 3528 1543 3565 non
1574 3518 1743 3566 erant
1769 3551 1785 3580 .,
1823 3527 2008 3573 conc.;
2033 3529 2195 3568 secus

83 3621 212 3680 neq.
249 3600 515 3683 Alioquin
550 3603 598 3660 si
627 3624 659 3662 a
695 3605 817 3664 Deo
849 3604 1132 3681 fuissent,
1173 3603 1285 3663 illis
1323 3601 1595 3662 omnibus
1628 3624 1747 3662 non
1787 3602 2192 3682 obstantibus,

244 3696 309 3755 T.
359 3699 400 3758 I.
1872 3698 1947 3756 12
