2554 4140
323 140 442 199 243

960 160 1029 194 ΒΕ
1071 159 1224 198 VERA
1266 161 1391 197 REI..
1439 160 1571 200 ADV.
1621 160 1817 199 HETER.

323 303 604 388 peratoris
646 300 993 362 satellitibus
1024 302 1248 362 illatam
1294 303 1605 384 Episcopos
1648 302 1778 361 illos
1822 302 2241 383 subscripsisse.
2285 306 2438 365 Sane

326 421 502 460 nemo
538 399 782 478 ingemit
820 410 882 459 et
918 399 1165 458 miratur
1200 420 1261 458 se
1292 420 1413 458 esse
1454 409 1514 458 et
1550 397 1787 472 haberi,
1828 397 2062 479 qualem
2089 420 2150 458 se
2188 421 2308 466 esse
2335 403 2442 461 scit

327 507 386 555 et
415 492 578 567 vult3
615 514 751 573 ergo
778 539 793 568 ,
833 514 966 553 cum
1004 495 1270 576 Episcopi
1302 495 1685 554 ariminenses
1730 493 2124 573 ingemuerint
2158 504 2218 552 et
2252 496 2447 571 mirati

325 588 445 648 sint
462 592 632 667 juxta
654 589 1079 670 Hieronymum
1097 635 1113 664 ,
1139 589 1365 649 traduci
1388 610 1449 648 se
1471 589 1654 650 veluti
1675 589 1945 662 ArianOS‚
1970 588 2346 648 manifestum
2361 596 2449 650 est

327 705 424 743 eos
459 683 605 744 tales
629 706 752 744 non
779 684 954 744 fuisse
979 706 1171 767 neque
1197 685 1260 743 in
1286 684 1460 744 corde
1488 705 1682 765 neque
1705 684 1767 742 in
1790 684 2152 745 confessione
2169 694 2446 758 externa3

325 779 464 841 alias
490 801 597 841 nec
620 781 1043 861 ingemuissent
1064 826 1080 855 ,
1117 801 1225 840 nec
1253 781 1452 839 mirati
1484 780 1747 839 fuissent.

1146 971 1556 1024 PROPOSITIO
1599 972 1663 1028 V.

437 1122 608 1181 Hinc
648 1119 766 1178 sola
811 1117 1086 1178 Ecclesia
1127 1116 1420 1175 catholica
1461 1127 1546 1174 est
1585 1137 1726 1175 vera
1767 1118 2039 1177 Ecclesia
2088 1116 2333 1177 Christi.

412 1334 512 1395 95.
562 1335 698 1393 Haec
741 1333 1063 1416 propositio
1113 1328 1457 1391 necessario'
1492 1331 1625 1390 fluit
1668 1353 1740 1391 ex
1782 1332 2155 1413 praecedenti.
2192 1335 2251 1393 Si
2293 1336 2454 1395 enim

332 1453 469 1494 vera
511 1428 759 1489 Ecclesia
790 1428 1010 1487 Christi.
1029 1449 1096 1487 ea
1121 1426 1241 1486 sola
1276 1438 1392 1502 est,
1438 1449 1615 1509 quam
1647 1426 1910 1486 Christus
1950 1428 2074 1509 ipse
2103 1427 2370 1491 fundavit
2390 1430 2455 1488 in

334 1530 560 1588 unitate
596 1526 731 1586 fidei
755 1547 820 1585 ac
842 1525 1138 1606 regiminis
1159 1570 1175 1600 .,
1220 1544 1462 1606 quaeque
1499 1547 1621 1583 non
1645 1525 1973 1606 interrupta
2003 1526 2355 1584 successione
2384 1525 2460 1585 ad

338 1623 547 1684 mundi
580 1624 803 1683 exitum
838 1622 1156 1703 perdurare
1191 1621 1404 1695 debet3
1441 1642 1575 1681 cum
1617 1620 1860 1681 Ecclesia
1895 1621 2172 1681 catholica
2201 1622 2321 1681 sola
2346 1624 2454 1698 sit,

338 1741 470 1802 quae
509 1718 582 1778 ab
608 1716 898 1800 Apostolis
932 1716 1008 1776 ad
1037 1739 1143 1776 nos
1173 1737 1359 1799 usque
1387 1718 1724 1798 pervenerit
1747 1717 1810 1775 in
1836 1728 2083 1799 utraque
2108 1717 2242 1778 fidei
2272 1739 2335 1777 ac
2362 1739 2458 1779 re-

335 1815 568 1896 giminis
620 1835 722 1874 seu
764 1815 969 1895 capitis
1027 1814 1290 1888 unitate.
1351 1825 1415 1871 ut
1460 1815 1656 1872 omnia
1701 1826 2083 1874 monumenta
2127 1825 2454 1888 testantur,

333 1910 576 1973 evidens
618 1919 707 1970 est
749 1909 934 1969 solam
977 1908 1286 1969 Ecclesiam
1340 1908 1687 1968 catholicam
1731 1930 1932 1970 veram
1977 1930 2099 1970 6556
2148 1908 2458 1969 Ecclesiam

334 2006 569 2067 Christi.

418 2103 518 2163 96.
543 2104 614 2162 Et
637 2125 778 2162 sane
803 2103 961 2185 quod
986 2103 1201 2162 attinet
1226 2100 1302 2161 ad
1320 2102 1610 2162 unitatem
1637 2101 1773 2162 fidei
1798 2146 1815 2177 a
1841 2101 1963 2160 haec
1986 2111 2148 2183 patet
2186 2100 2247 2159 1ο
2269 2121 2340 2160 ex
2369 2121 2458 2173 e0,

334 2200 492 2283 quod
523 2202 785 2259 omnium
810 2200 1158 2260 saeculorum
1191 2199 1451 2259 haeretici
1484 2200 1964 2282 impugnaverint
1994 2198 2155 2259 illam
2187 2197 2456 2259 eamdem

331 2461 419 2511 sub
447 2461 592 2510 finem
635 2460 834 2527 synodi,
865 2459 1055 2526 quando
1080 2461 1175 2525 jam
1214 2457 1352 2524 dege-

329 2545 637 2593 neraveratin
674 2542 1057 2591 conciliabulum.
1095 2540 1207 2588 Dixi
1236 2557 1350 2604 prae-

332 2633 457 2674 terea
503 2627 728 2691 majorem
772 2625 972 2673 defuisse
1020 2622 1351 2688 Episcoporum

330 2707 546 2756 Ecclesiae
573 2705 808 2755 catholicae
832 2716 1007 2772 partem
1026 2742 1040 2766 ‚
1073 2714 1235 2770 praeter
1261 2704 1354 2753 Ro-

330 2793 460 2839 mani
475 2789 714 2838 Pontificis
729 2789 921 2854 legatos;
940 2791 1068 2854 quia,
1087 2789 1195 2836 licet
1214 2806 1352 2837 nemo

327 2890 383 2921 ex
404 2873 643 2921 veteribus
663 2873 968 2920 transmiserit
988 2871 1047 2919 ad
1061 2887 1147 2919 nos
1173 2881 1352 2920 certum

327 2954 661 3021 Episcoporum
706 2972 958 3003 numerum
988 2964 1195 3019 tempore
1226 2953 1352 3002 Con-

327 3041 517 3087 stantini
555 3044 602 3087 et
633 3037 929 3099 Constantii,
972 3048 1174 3087 attamen
1215 3057 1352 3104 opera

326 3139 381 3169 ac
417 3121 654 3186 diligentia
682 3119 845 3170 Caroli
872 3139 898 3169 a
940 3119 994 3168 S.
1022 3120 1165 3169 Paulo
1183 3158 1196 3181 ‚
1216 3121 1351 3170 Lucae

331 3202 562 3251 Holstenii
589 3213 727 3269 atque
749 3202 993 3267 Binghami
1012 3241 1026 3264 ,
1059 3204 1177 3252 facta
1197 3220 1354 3253 recen·

327 3286 458 3333 sione
513 3289 725 3334 omnium
774 3286 955 3334 sedium
1013 3286 1351 3351 Episcopalium

327 3366 539 3415 Ecclesiae
560 3367 799 3415 catholicae
823 3370 874 3414 in
904 3368 1106 3433 Imperio
1123 3386 1314 3418 romano
1336 3406 1352 3431 ,

327 3459 615 3515 compertum
650 3461 715 3499 est
738 3467 989 3499 numerum
1014 3468 1180 3500 eorum
1199 3469 1280 3517 per
1297 3470 1350 3501 ea

329 3543 537 3598 tempora
572 3532 632 3581 ad
694 3529 816 3580 1800
866 3534 1065 3598 attigisse
1084 3570 1098 3593 ‚
1149 3552 1352 3600 quorum

330 3614 458 3666 mille
484 3613 837 3668 inveniebantur
864 3616 913 3664 in
927 3617 1175 3680 provinciis
1193 3618 1351 3683 graecis

1435 2458 1652 2523 Imperii,
1683 2460 1949 2523 octinqenti
1971 2476 2078 2507 vero
2100 2462 2151 2508 in
2170 2459 2341 2507 latinis.
2358 2457 2456 2505 Etsi

1434 2541 1543 2589 huic
1586 2543 1898 2605 supputationi
1938 2558 2035 2588 non
2080 2540 2454 2602 subscribamu33

1433 2641 1542 2671 nam
1569 2640 1627 2671 ex
1658 2620 1758 2670 aliis
1785 2625 2102 2671 monumentis
2132 2631 2307 2672 constat
2322 2621 2458 2687 longe

1433 2708 1585 2772 plures
1631 2723 1711 2771 per
1756 2724 1807 2755 ea
1842 2717 2048 2771 tempora
2090 2709 2141 2755 in
2183 2706 2456 2756 occidentali

1434 2793 1690 2857 praesertim
1724 2790 1914 2839 ecclesia
1948 2791 2197 2856 Episcopos
2222 2790 2382 2839 fuisse.
2402 2789 2456 2837 ln

1432 2874 1523 2922 hoc
1555 2891 1696 2921 censu
1726 2882 1945 2937 praeterea
1984 2873 2150 2921 desunt
2175 2873 2303 2922 sedes
2333 2875 2455 2937 epis-

1433 2957 1611 3022 copales
1634 2966 1758 3005 extra
1775 2956 1999 3004 ditionem
2020 2974 2260 3005 romanam
2278 2959 2452 3021 positae,

1434 3056 1538 3105 quae
1563 3055 1718 3105 paucae
1738 3055 1834 3085 non
1852 3048 2002 3087 erant.
2025 3038 2085 3086 In
2114 3037 2327 3087 Concilio
2348 3055 2454 3088 vero

1433 3123 1702 3171 ariminensi
1744 3137 1841 3167 non
1879 3121 2189 3170 interfuerunt
2229 3123 2319 3168 nisi
2360 3118 2456 3184 400

1433 3204 1672 3270 Episcopi,
1705 3220 1757 3251 ex
1789 3202 1961 3268 quibus
1999 3205 2129 3270 juxta
2164 3201 2214 3251 S.
2250 3202 2456 3251 Athana-

1432 3289 1553 3335 sium
1576 3325 1589 3348 ,
1607 3286 1692 3334 lib.
1713 3282 1783 3332 De
1796 3286 2015 3349 synodis,
2036 3287 2389 3352 quinquaginta,
2408 3288 2457 3333 et

1424 3373 1566 3445 julita
1611 3367 1863 3432 Sulpitium
1915 3366 2137 3416 Severum
2172 3406 2185 3429 ,
2225 3370 2452 3432 octoginta

1432 3460 1564 3499 erant
1584 3448 1763 3498 Ariani.
1790 3448 1933 3498 Cons.
1958 3448 2181 3498 Colleclio
2214 3446 2453 3498 Concilio-

1433 3549 1562 3592 rum‚
1583 3530 1761 3579 Labbei
1781 3565 1796 3593 ‚
1819 3542 1933 3581 tom.
1957 3549 2008 3595 u,
2026 3533 2117 3583 col.
2142 3547 2236 3598 792
2262 3540 2307 3580 et
2324 3546 2451 3595 seqq.
