<?xml version="1.0" encoding="UTF-8"?>
<!DOCTYPE html PUBLIC "-//W3C//DTD XHTML 1.0 Transitional//EN"
    "http://www.w3.org/TR/xhtml1/DTD/xhtml1-transitional.dtd">
<html xmlns="http://www.w3.org/1999/xhtml" xml:lang="en" lang="en">
 <head>
  <title>
</title>
<meta http-equiv="Content-Type" content="text/html;charset=utf-8" />
  <meta name='ocr-system' content='tesseract 3.04.00' />
  <meta name='ocr-capabilities' content='ocr_page ocr_carea ocr_par ocr_line ocrx_word'/>
</head>
<body>
  <div class='ocr_page' id='page_1' title='image "a603693801perruoft_0350.png"; bbox 0 0 2554 4140; ppageno 0'>
   <div class='ocr_carea' id='block_1_1' title="bbox 298 159 1821 221">
    <p class='ocr_par' dir='ltr' id='par_1_1' title="bbox 298 159 1821 221">
     <span class='ocr_line' id='line_1_1' title="bbox 298 159 1821 221; baseline 0.002 -3"><span class='ocrx_word' id='word_1_1' title='bbox 298 159 416 218; x_wconf 67' lang='lat'>3:26</span> <span class='ocrx_word' id='word_1_2' title='bbox 957 179 1024 214; x_wconf 73' lang='lat' dir='ltr'>ns</span> <span class='ocrx_word' id='word_1_3' title='bbox 1072 177 1222 217; x_wconf 77' lang='lat' dir='ltr'><strong>VERA</strong></span> <span class='ocrx_word' id='word_1_4' title='bbox 1268 178 1388 216; x_wconf 72' lang='lat' dir='ltr'>am.</span> <span class='ocrx_word' id='word_1_5' title='bbox 1441 181 1573 218; x_wconf 72' lang='lat' dir='ltr'>Anv.</span> <span class='ocrx_word' id='word_1_6' title='bbox 1619 182 1821 221; x_wconf 71' lang='grc' dir='ltr'><strong>ΗΕΤΕΒ.</strong></span> 
     </span>
    </p>
   </div>
   <div class='ocr_carea' id='block_1_2' title="bbox 297 320 2457 3005">
    <p class='ocr_par' dir='ltr' id='par_1_2' title="bbox 297 320 2449 1076">
     <span class='ocr_line' id='line_1_2' title="bbox 298 320 2440 408; baseline 0.002 -24"><span class='ocrx_word' id='word_1_7' title='bbox 298 322 541 384; x_wconf 89' lang='lat' dir='ltr'>sentiale</span> <span class='ocrx_word' id='word_1_8' title='bbox 569 320 1074 393; x_wconf 70' lang='lat' dir='ltr'>Protestantismi,</span> <span class='ocrx_word' id='word_1_9' title='bbox 1111 331 1171 380; x_wconf 87' lang='lat' dir='ltr'>et</span> <span class='ocrx_word' id='word_1_10' title='bbox 1211 333 1497 402; x_wconf 85' lang='lat' dir='ltr'>praeterea</span> <span class='ocrx_word' id='word_1_11' title='bbox 1542 344 1757 383; x_wconf 91' lang='lat' dir='ltr'>nocere</span> <span class='ocrx_word' id='word_1_12' title='bbox 1788 344 1976 383; x_wconf 86' lang='lat' dir='ltr'>causae</span> <span class='ocrx_word' id='word_1_13' title='bbox 2006 330 2440 408; x_wconf 79' lang='lat' dir='ltr'><strong>propagationis</strong></span> 
     </span>
     <span class='ocr_line' id='line_1_3' title="bbox 300 414 2444 498; baseline 0.005 -23"><span class='ocrx_word' id='word_1_14' title='bbox 300 414 679 496; x_wconf 80' lang='lat' dir='ltr'>evangelicae3</span> <span class='ocrx_word' id='word_1_15' title='bbox 720 416 853 498; x_wconf 88' lang='lat' dir='ltr'>quia</span> <span class='ocrx_word' id='word_1_16' title='bbox 881 461 898 490; x_wconf 91' lang='lat'>‚</span> <span class='ocrx_word' id='word_1_17' title='bbox 947 417 1126 475; x_wconf 87' lang='lat' dir='ltr'>etiam</span> <span class='ocrx_word' id='word_1_18' title='bbox 1171 419 1394 477; x_wconf 86' lang='lat' dir='ltr'>caeteris</span> <span class='ocrx_word' id='word_1_19' title='bbox 1433 419 1701 494; x_wconf 65' lang='lat' dir='ltr'>omissiS,</span> <span class='ocrx_word' id='word_1_20' title='bbox 1754 441 1892 480; x_wconf 88' lang='lat' dir='ltr'>cum</span> <span class='ocrx_word' id='word_1_21' title='bbox 1938 420 2205 481; x_wconf 88' lang='lat' dir='ltr'>infideles</span> <span class='ocrx_word' id='word_1_22' title='bbox 2244 424 2444 485; x_wconf 90' lang='lat' dir='ltr'>idonei</span> 
     </span>
     <span class='ocr_line' id='line_1_4' title="bbox 297 508 2442 599; baseline 0.003 -27"><span class='ocrx_word' id='word_1_23' title='bbox 297 534 405 597; x_wconf 90' lang='lat' dir='ltr'>per</span> <span class='ocrx_word' id='word_1_24' title='bbox 439 534 500 571; x_wconf 93' lang='lat' dir='ltr'>se</span> <span class='ocrx_word' id='word_1_25' title='bbox 533 534 656 571; x_wconf 92' lang='lat' dir='ltr'>non</span> <span class='ocrx_word' id='word_1_26' title='bbox 685 514 805 571; x_wconf 87' lang='lat' dir='ltr'>sint</span> <span class='ocrx_word' id='word_1_27' title='bbox 838 510 913 571; x_wconf 92' lang='lat' dir='ltr'>ad</span> <span class='ocrx_word' id='word_1_28' title='bbox 949 512 1395 593; x_wconf 80' lang='lat' dir='ltr'>intelligendam</span> <span class='ocrx_word' id='word_1_29' title='bbox 1431 516 1791 597; x_wconf 87' lang='lat' dir='ltr'>Scripturam</span> <span class='ocrx_word' id='word_1_30' title='bbox 1813 508 1834 590; x_wconf 27' lang='lat'>7*</span> <span class='ocrx_word' id='word_1_31' title='bbox 1870 516 2210 575; x_wconf 86' lang='lat' dir='ltr'>scandalum</span> <span class='ocrx_word' id='word_1_32' title='bbox 2250 519 2442 599; x_wconf 85' lang='lat' dir='ltr'>potius</span> 
     </span>
     <span class='ocr_line' id='line_1_5' title="bbox 299 607 2449 693; baseline 0.003 -25"><span class='ocrx_word' id='word_1_33' title='bbox 299 630 370 668; x_wconf 86' lang='lat' dir='ltr'>ex</span> <span class='ocrx_word' id='word_1_34' title='bbox 403 607 649 669; x_wconf 88' lang='lat' dir='ltr'>diversis</span> <span class='ocrx_word' id='word_1_35' title='bbox 677 607 899 668; x_wconf 88' lang='lat' dir='ltr'>ibidem</span> <span class='ocrx_word' id='word_1_36' title='bbox 939 610 1232 668; x_wconf 89' lang='lat' dir='ltr'>contentis</span> <span class='ocrx_word' id='word_1_37' title='bbox 1265 610 1699 669; x_wconf 81' lang='lat' dir='ltr'><strong>narrationibus</strong></span> <span class='ocrx_word' id='word_1_38' title='bbox 1729 612 2072 693; x_wconf 89' lang='lat' dir='ltr'>patiuntur,</span> <span class='ocrx_word' id='word_1_39' title='bbox 2105 624 2165 672; x_wconf 89' lang='lat' dir='ltr'>et</span> <span class='ocrx_word' id='word_1_40' title='bbox 2191 615 2449 692; x_wconf 73' lang='lat' dir='ltr'>graviter</span> 
     </span>
     <span class='ocr_line' id='line_1_6' title="bbox 304 703 2445 788; baseline 0.002 -25"><span class='ocrx_word' id='word_1_41' title='bbox 304 703 719 779; x_wconf 72' lang='lat' dir='ltr'>offenduntur,</span> <span class='ocrx_word' id='word_1_42' title='bbox 755 726 872 787; x_wconf 90' lang='lat' dir='ltr'>quo</span> <span class='ocrx_word' id='word_1_43' title='bbox 898 706 964 764; x_wconf 91' lang='lat' dir='ltr'>fit</span> <span class='ocrx_word' id='word_1_44' title='bbox 990 716 1054 763; x_wconf 91' lang='lat' dir='ltr'>ut</span> <span class='ocrx_word' id='word_1_45' title='bbox 1080 706 1347 764; x_wconf 88' lang='lat' dir='ltr'>animum</span> <span class='ocrx_word' id='word_1_46' title='bbox 1380 708 1561 786; x_wconf 81' lang='lat' dir='ltr'>magis</span> <span class='ocrx_word' id='word_1_47' title='bbox 1593 719 1867 766; x_wconf 89' lang='lat' dir='ltr'>avertant</span> <span class='ocrx_word' id='word_1_48' title='bbox 1891 707 2237 788; x_wconf 51' lang='lat' dir='ltr'>a‘religione</span> <span class='ocrx_word' id='word_1_49' title='bbox 2268 708 2445 768; x_wconf 89' lang='lat' dir='ltr'>chris-</span> 
     </span>
     <span class='ocr_line' id='line_1_7' title="bbox 303 803 2442 889; baseline 0.002 -28"><span class='ocrx_word' id='word_1_50' title='bbox 303 803 465 864; x_wconf 89' lang='lat' dir='ltr'>tiana</span> <span class='ocrx_word' id='word_1_51' title='bbox 487 849 502 878; x_wconf 60' lang='lat'>7</span> <span class='ocrx_word' id='word_1_52' title='bbox 538 815 605 862; x_wconf 92' lang='lat' dir='ltr'>ut</span> <span class='ocrx_word' id='word_1_53' title='bbox 633 804 821 886; x_wconf 87' lang='lat' dir='ltr'>reipsa</span> <span class='ocrx_word' id='word_1_54' title='bbox 837 805 1055 886; x_wconf 89' lang='lat' dir='ltr'>passim</span> <span class='ocrx_word' id='word_1_55' title='bbox 1081 803 1321 864; x_wconf 89' lang='lat' dir='ltr'>evenire</span> <span class='ocrx_word' id='word_1_56' title='bbox 1339 804 1496 886; x_wconf 83' lang='lat' dir='ltr'>apud</span> <span class='ocrx_word' id='word_1_57' title='bbox 1521 804 1694 863; x_wconf 91' lang='lat' dir='ltr'>Indos</span> <span class='ocrx_word' id='word_1_58' title='bbox 1719 804 1900 864; x_wconf 87' lang='lat' dir='ltr'>abbas</span> <span class='ocrx_word' id='word_1_59' title='bbox 1928 805 2145 865; x_wconf 88' lang='lat' dir='ltr'>Dubois</span> <span class='ocrx_word' id='word_1_60' title='bbox 2163 851 2178 881; x_wconf 87' lang='lat'>.,</span> <span class='ocrx_word' id='word_1_61' title='bbox 2206 807 2307 888; x_wconf 88' lang='lat' dir='ltr'>qui</span> <span class='ocrx_word' id='word_1_62' title='bbox 2332 828 2442 889; x_wconf 94' lang='lat' dir='ltr'>per</span> 
     </span>
     <span class='ocr_line' id='line_1_8' title="bbox 301 896 2447 980; baseline 0.002 -22"><span class='ocrx_word' id='word_1_63' title='bbox 301 920 461 959; x_wconf 88' lang='lat' dir='ltr'>anno</span> <span class='ocrx_word' id='word_1_64' title='bbox 490 901 651 959; x_wconf 91' lang='lat' dir='ltr'>XXX</span> <span class='ocrx_word' id='word_1_65' title='bbox 688 899 1079 959; x_wconf 87' lang='lat' dir='ltr'>missionibus</span> <span class='ocrx_word' id='word_1_66' title='bbox 1118 896 1233 957; x_wconf 85' lang='lat' dir='ltr'>illis</span> <span class='ocrx_word' id='word_1_67' title='bbox 1270 918 1511 980; x_wconf 85' lang='lat' dir='ltr'>operam</span> <span class='ocrx_word' id='word_1_68' title='bbox 1553 902 1795 963; x_wconf 85' lang='lat' dir='ltr'>navavit</span> <span class='ocrx_word' id='word_1_69' title='bbox 1819 946 1835 975; x_wconf 88' lang='lat'>‚</span> <span class='ocrx_word' id='word_1_70' title='bbox 1883 913 2133 960; x_wconf 86' lang='lat' dir='ltr'>testatur</span> <span class='ocrx_word' id='word_1_71' title='bbox 2178 913 2239 961; x_wconf 93' lang='lat' dir='ltr'>et</span> <span class='ocrx_word' id='word_1_72' title='bbox 2283 902 2447 962; x_wconf 91' lang='lat' dir='ltr'>factis</span> 
     </span>
     <span class='ocr_line' id='line_1_9' title="bbox 300 995 1211 1076; baseline -0.002 -22"><span class='ocrx_word' id='word_1_73' title='bbox 300 995 779 1056; x_wconf 83' lang='lat' dir='ltr'>luculentissimis</span> <span class='ocrx_word' id='word_1_74' title='bbox 814 995 1074 1055; x_wconf 79' lang='lat' dir='ltr'>ostendit</span> <span class='ocrx_word' id='word_1_75' title='bbox 1102 995 1211 1076; x_wconf 92' lang='lat' dir='ltr'>(l).</span> 
     </span>
    </p>

    <p class='ocr_par' dir='ltr' id='par_1_3' title="bbox 298 1090 2455 1944">
     <span class='ocr_line' id='line_1_10' title="bbox 382 1090 2451 1176; baseline 0.001 -25"><span class='ocrx_word' id='word_1_76' title='bbox 382 1092 531 1151; x_wconf 78' lang='lat'>254.</span> <span class='ocrx_word' id='word_1_77' title='bbox 581 1091 855 1173; x_wconf 80' lang='lat' dir='ltr'>Sequitur</span> <span class='ocrx_word' id='word_1_78' title='bbox 890 1095 957 1149; x_wconf 78' lang='lat'>40</span> <span class='ocrx_word' id='word_1_79' title='bbox 985 1092 1288 1170; x_wconf 81' lang='lat' dir='ltr'>ingentem</span> <span class='ocrx_word' id='word_1_80' title='bbox 1315 1090 1479 1149; x_wconf 89' lang='lat' dir='ltr'>illam</span> <span class='ocrx_word' id='word_1_81' title='bbox 1509 1091 1769 1172; x_wconf 80' lang='lat' dir='ltr'>pecuniae</span> <span class='ocrx_word' id='word_1_82' title='bbox 1802 1094 2032 1174; x_wconf 81' lang='lat' dir='ltr'>copiam</span> <span class='ocrx_word' id='word_1_83' title='bbox 2056 1140 2070 1169; x_wconf 66' lang='lat' dir='ltr'>a</span> <span class='ocrx_word' id='word_1_84' title='bbox 2115 1114 2293 1176; x_wconf 87' lang='lat' dir='ltr'>quam</span> <span class='ocrx_word' id='word_1_85' title='bbox 2333 1116 2451 1153; x_wconf 90' lang='lat' dir='ltr'>un·-</span> 
     </span>
     <span class='ocr_line' id='line_1_11' title="bbox 304 1178 2450 1271; baseline 0 -22"><span class='ocrx_word' id='word_1_86' title='bbox 304 1189 481 1271; x_wconf 89' lang='lat' dir='ltr'>dique</span> <span class='ocrx_word' id='word_1_87' title='bbox 505 1198 813 1266; x_wconf 83' lang='lat' dir='ltr'>corrogant</span> <span class='ocrx_word' id='word_1_88' title='bbox 835 1178 1155 1269; x_wconf 68' lang='lat' dir='ltr'>quaestores</span> <span class='ocrx_word' id='word_1_89' title='bbox 1181 1187 1527 1246; x_wconf 83' lang='lat' dir='ltr'>societatum</span> <span class='ocrx_word' id='word_1_90' title='bbox 1553 1189 2021 1269; x_wconf 85' lang='lat' dir='ltr'>protestantium</span> <span class='ocrx_word' id='word_1_91' title='bbox 2046 1191 2122 1250; x_wconf 88' lang='lat' dir='ltr'>ad</span> <span class='ocrx_word' id='word_1_92' title='bbox 2147 1191 2450 1250; x_wconf 89' lang='lat' dir='ltr'>missiones</span> 
     </span>
     <span class='ocr_line' id='line_1_12' title="bbox 299 1270 2451 1368; baseline 0.001 -25"><span class='ocrx_word' id='word_1_93' title='bbox 299 1283 767 1368; x_wconf 82' lang='lat' dir='ltr'>promovendaS‚</span> <span class='ocrx_word' id='word_1_94' title='bbox 792 1307 916 1343; x_wconf 93' lang='lat' dir='ltr'>non</span> <span class='ocrx_word' id='word_1_95' title='bbox 945 1304 1070 1343; x_wconf 89' lang='lat' dir='ltr'>esse</span> <span class='ocrx_word' id='word_1_96' title='bbox 1091 1329 1106 1358; x_wconf 78' lang='lat'>‚</span> <span class='ocrx_word' id='word_1_97' title='bbox 1138 1305 1211 1344; x_wconf 83' lang='lat' dir='ltr'>ex</span> <span class='ocrx_word' id='word_1_98' title='bbox 1226 1283 1587 1343; x_wconf 90' lang='lat' dir='ltr'>confessione</span> <span class='ocrx_word' id='word_1_99' title='bbox 1609 1283 2001 1363; x_wconf 82' lang='lat' dir='ltr'>ingenuorum</span> <span class='ocrx_word' id='word_1_100' title='bbox 2024 1270 2451 1346; x_wconf 77' lang='lat' dir='ltr'>nonnullorum</span> 
     </span>
     <span class='ocr_line' id='line_1_13' title="bbox 298 1379 2449 1465; baseline 0.001 -25"><span class='ocrx_word' id='word_1_101' title='bbox 298 1382 759 1465; x_wconf 84' lang='lat' dir='ltr'>protestantium</span> <span class='ocrx_word' id='word_1_102' title='bbox 775 1427 791 1457; x_wconf 50' lang='grc' dir='ltr'>,Ι</span> <span class='ocrx_word' id='word_1_103' title='bbox 831 1381 946 1440; x_wconf 92' lang='lat' dir='ltr'>nisi</span> <span class='ocrx_word' id='word_1_104' title='bbox 968 1379 1218 1440; x_wconf 89' lang='lat' dir='ltr'>totidem</span> <span class='ocrx_word' id='word_1_105' title='bbox 1244 1380 1554 1440; x_wconf 89' lang='lat' dir='ltr'>latrocinia</span> <span class='ocrx_word' id='word_1_106' title='bbox 1579 1401 1645 1439; x_wconf 91' lang='lat' dir='ltr'>ac</span> <span class='ocrx_word' id='word_1_107' title='bbox 1675 1379 2033 1462; x_wconf 89' lang='lat' dir='ltr'>simplicium</span> <span class='ocrx_word' id='word_1_108' title='bbox 2055 1381 2449 1464; x_wconf 69' lang='lat' dir='ltr'>deceptioneS,</span> 
     </span>
     <span class='ocr_line' id='line_1_14' title="bbox 303 1475 2452 1560; baseline 0.001 -25"><span class='ocrx_word' id='word_1_109' title='bbox 303 1478 406 1560; x_wconf 88' lang='lat' dir='ltr'>qui</span> <span class='ocrx_word' id='word_1_110' title='bbox 445 1477 589 1536; x_wconf 91' lang='lat' dir='ltr'>dum</span> <span class='ocrx_word' id='word_1_111' title='bbox 637 1476 747 1537; x_wconf 87' lang='lat' dir='ltr'>sibi</span> <span class='ocrx_word' id='word_1_112' title='bbox 791 1475 1185 1536; x_wconf 88' lang='lat' dir='ltr'>blandiuntur</span> <span class='ocrx_word' id='word_1_113' title='bbox 1228 1478 1532 1559; x_wconf 89' lang='lat' dir='ltr'>cooperari</span> <span class='ocrx_word' id='word_1_114' title='bbox 1580 1499 1796 1557; x_wconf 81' lang='lat' dir='ltr'>magno</span> <span class='ocrx_word' id='word_1_115' title='bbox 1839 1477 2004 1559; x_wconf 88' lang='lat' dir='ltr'>operi.</span> <span class='ocrx_word' id='word_1_116' title='bbox 2052 1478 2452 1540; x_wconf 88' lang='lat' dir='ltr'>conversionis</span> 
     </span>
     <span class='ocr_line' id='line_1_15' title="bbox 301 1572 2455 1656; baseline 0.001 -24"><span class='ocrx_word' id='word_1_117' title='bbox 301 1572 633 1633; x_wconf 90' lang='lat' dir='ltr'>infidelium</span> <span class='ocrx_word' id='word_1_118' title='bbox 661 1586 721 1633; x_wconf 93' lang='lat' dir='ltr'>et</span> <span class='ocrx_word' id='word_1_119' title='bbox 750 1573 1109 1633; x_wconf 86' lang='lat' dir='ltr'>dilatationis</span> <span class='ocrx_word' id='word_1_120' title='bbox 1151 1572 1316 1635; x_wconf 89' lang='lat' dir='ltr'>verbi</span> <span class='ocrx_word' id='word_1_121' title='bbox 1349 1574 1453 1632; x_wconf 86' lang='lat' dir='ltr'>Dei</span> <span class='ocrx_word' id='word_1_122' title='bbox 1475 1619 1490 1646; x_wconf 62' lang='lat'>.</span> <span class='ocrx_word' id='word_1_123' title='bbox 1519 1574 1829 1656; x_wconf 91' lang='lat' dir='ltr'>pecuniam</span> <span class='ocrx_word' id='word_1_124' title='bbox 1858 1596 2025 1632; x_wconf 90' lang='lat' dir='ltr'>suam</span> <span class='ocrx_word' id='word_1_125' title='bbox 2056 1597 2178 1634; x_wconf 91' lang='lat' dir='ltr'>non</span> <span class='ocrx_word' id='word_1_126' title='bbox 2210 1586 2455 1654; x_wconf 80' lang='lat' dir='ltr'>erogant</span> 
     </span>
     <span class='ocr_line' id='line_1_16' title="bbox 302 1669 2455 1754; baseline 0 -24"><span class='ocrx_word' id='word_1_127' title='bbox 302 1671 414 1730; x_wconf 91' lang='lat' dir='ltr'>nisi</span> <span class='ocrx_word' id='word_1_128' title='bbox 447 1670 522 1729; x_wconf 87' lang='lat' dir='ltr'>ad</span> <span class='ocrx_word' id='word_1_129' title='bbox 555 1669 827 1730; x_wconf 86' lang='lat' dir='ltr'>alendam</span> <span class='ocrx_word' id='word_1_130' title='bbox 859 1670 1242 1730; x_wconf 89' lang='lat' dir='ltr'>seductorum</span> <span class='ocrx_word' id='word_1_131' title='bbox 1274 1669 1664 1752; x_wconf 86' lang='lat' dir='ltr'>cupiditatem</span> <span class='ocrx_word' id='word_1_132' title='bbox 1687 1717 1703 1742; x_wconf 76' lang='grc'>,</span> <span class='ocrx_word' id='word_1_133' title='bbox 1738 1671 1839 1752; x_wconf 91' lang='lat' dir='ltr'>qui</span> <span class='ocrx_word' id='word_1_134' title='bbox 1869 1693 1992 1730; x_wconf 91' lang='lat' dir='ltr'>non</span> <span class='ocrx_word' id='word_1_135' title='bbox 2028 1682 2277 1754; x_wconf 90' lang='lat' dir='ltr'>possunt</span> <span class='ocrx_word' id='word_1_136' title='bbox 2311 1693 2455 1730; x_wconf 90' lang='lat' dir='ltr'>con-</span> 
     </span>
     <span class='ocr_line' id='line_1_17' title="bbox 303 1765 2454 1849; baseline -0.001 -22"><span class='ocrx_word' id='word_1_137' title='bbox 303 1768 636 1827; x_wconf 88' lang='lat' dir='ltr'>versionem</span> <span class='ocrx_word' id='word_1_138' title='bbox 668 1788 1035 1849; x_wconf 81' lang='lat' dir='ltr'>paganorum</span> <span class='ocrx_word' id='word_1_139' title='bbox 1078 1788 1431 1848; x_wconf 85' lang='lat' dir='ltr'>promovere</span> <span class='ocrx_word' id='word_1_140' title='bbox 1468 1767 1583 1825; x_wconf 86' lang='lat' dir='ltr'>nisi</span> <span class='ocrx_word' id='word_1_141' title='bbox 1619 1765 1959 1826; x_wconf 91' lang='lat' dir='ltr'>subruendo</span> <span class='ocrx_word' id='word_1_142' title='bbox 1995 1767 2454 1827; x_wconf 89' lang='lat' dir='ltr'>fundamentum</span> 
     </span>
     <span class='ocr_line' id='line_1_18' title="bbox 303 1863 1830 1944; baseline -0.001 -21"><span class='ocrx_word' id='word_1_143' title='bbox 303 1863 611 1924; x_wconf 89' lang='lat' dir='ltr'>essentiale</span> <span class='ocrx_word' id='word_1_144' title='bbox 646 1875 706 1922; x_wconf 88' lang='lat' dir='ltr'>et</span> <span class='ocrx_word' id='word_1_145' title='bbox 731 1864 1181 1924; x_wconf 86' lang='lat' dir='ltr'>constitutivum</span> <span class='ocrx_word' id='word_1_146' title='bbox 1203 1863 1686 1944; x_wconf 87' lang='lat' dir='ltr'>Protestantismi</span> <span class='ocrx_word' id='word_1_147' title='bbox 1719 1864 1830 1944; x_wconf 74' lang='lat'>(2).</span> 
     </span>
    </p>

    <p class='ocr_par' dir='ltr' id='par_1_4' title="bbox 303 1954 2457 3005">
     <span class='ocr_line' id='line_1_19' title="bbox 385 1954 2456 2043; baseline 0 -24"><span class='ocrx_word' id='word_1_148' title='bbox 385 1961 528 2019; x_wconf 81' lang='lat'>255.</span> <span class='ocrx_word' id='word_1_149' title='bbox 579 1961 855 2043; x_wconf 88' lang='lat' dir='ltr'>Sequitur</span> <span class='ocrx_word' id='word_1_150' title='bbox 888 1960 954 2018; x_wconf 89' lang='lat'>50</span> <span class='ocrx_word' id='word_1_151' title='bbox 993 1982 1102 2020; x_wconf 92' lang='lat' dir='ltr'>nec</span> <span class='ocrx_word' id='word_1_152' title='bbox 1144 1954 1344 2021; x_wconf 88' lang='lat' dir='ltr'>veram</span> <span class='ocrx_word' id='word_1_153' title='bbox 1379 1982 1571 2042; x_wconf 91' lang='lat' dir='ltr'>neque</span> <span class='ocrx_word' id='word_1_154' title='bbox 1612 1959 1932 2020; x_wconf 88' lang='lat' dir='ltr'>christiana</span> <span class='ocrx_word' id='word_1_155' title='bbox 1970 1959 2456 2020; x_wconf 86' lang='lat' dir='ltr'>denominatione</span> 
     </span>
     <span class='ocr_line' id='line_1_20' title="bbox 307 2055 2454 2140; baseline -0 -24"><span class='ocrx_word' id='word_1_156' title='bbox 307 2057 546 2138; x_wconf 83' lang='lat' dir='ltr'>dignam</span> <span class='ocrx_word' id='word_1_157' title='bbox 571 2079 701 2117; x_wconf 85' lang='lat' dir='ltr'>earn</span> <span class='ocrx_word' id='word_1_158' title='bbox 731 2057 1160 2140; x_wconf 75' lang='lat' dir='ltr'>professionem</span> <span class='ocrx_word' id='word_1_159' title='bbox 1193 2078 1319 2118; x_wconf 90' lang='lat' dir='ltr'>esse</span> <span class='ocrx_word' id='word_1_160' title='bbox 1339 2103 1355 2132; x_wconf 65' lang='lat'>7</span> <span class='ocrx_word' id='word_1_161' title='bbox 1388 2077 1516 2140; x_wconf 82' lang='lat' dir='ltr'>quae</span> <span class='ocrx_word' id='word_1_162' title='bbox 1546 2057 1594 2117; x_wconf 87' lang='lat' dir='ltr'>si</span> <span class='ocrx_word' id='word_1_163' title='bbox 1622 2056 1744 2117; x_wconf 90' lang='lat' dir='ltr'>sola</span> <span class='ocrx_word' id='word_1_164' title='bbox 1777 2056 2161 2132; x_wconf 69' lang='lat' dir='ltr'>obtinuisset,</span> <span class='ocrx_word' id='word_1_165' title='bbox 2195 2055 2454 2117; x_wconf 91' lang='lat' dir='ltr'>mundus</span> 
     </span>
     <span class='ocr_line' id='line_1_21' title="bbox 305 2151 2457 2236; baseline -0 -24"><span class='ocrx_word' id='word_1_166' title='bbox 305 2176 574 2236; x_wconf 83' lang='lat' dir='ltr'>paganus</span> <span class='ocrx_word' id='word_1_167' title='bbox 601 2153 795 2213; x_wconf 89' lang='lat' dir='ltr'>adhuc</span> <span class='ocrx_word' id='word_1_168' title='bbox 839 2155 900 2212; x_wconf 93' lang='lat' dir='ltr'>in</span> <span class='ocrx_word' id='word_1_169' title='bbox 947 2155 1208 2214; x_wconf 86' lang='lat' dir='ltr'>tenebris</span> <span class='ocrx_word' id='word_1_170' title='bbox 1254 2166 1406 2213; x_wconf 89' lang='lat' dir='ltr'>esset</span> <span class='ocrx_word' id='word_1_171' title='bbox 1452 2174 1568 2214; x_wconf 85' lang='lat' dir='ltr'>suae</span> <span class='ocrx_word' id='word_1_172' title='bbox 1611 2155 2083 2236; x_wconf 70' lang='lat' dir='ltr'>superstitioniS,</span> <span class='ocrx_word' id='word_1_173' title='bbox 2130 2151 2457 2232; x_wconf 83' lang='lat' dir='ltr'>cujusmodi</span> 
     </span>
     <span class='ocr_line' id='line_1_22' title="bbox 308 2242 2453 2333; baseline 0 -25"><span class='ocrx_word' id='word_1_174' title='bbox 308 2272 432 2309; x_wconf 84' lang='lat' dir='ltr'>esse</span> <span class='ocrx_word' id='word_1_175' title='bbox 468 2242 1020 2310; x_wconf 84' lang='lat' dir='ltr'>Protestantismum</span> <span class='ocrx_word' id='word_1_176' title='bbox 1061 2250 1459 2324; x_wconf 80' lang='lat' dir='ltr'>ostendimu3‚</span> <span class='ocrx_word' id='word_1_177' title='bbox 1504 2261 1767 2333; x_wconf 84' lang='lat' dir='ltr'>spectata</span> <span class='ocrx_word' id='word_1_178' title='bbox 1809 2254 1934 2330; x_wconf 89' lang='lat' dir='ltr'>ejus</span> <span class='ocrx_word' id='word_1_179' title='bbox 1971 2252 2289 2311; x_wconf 85' lang='lat' dir='ltr'>intrinseca</span> <span class='ocrx_word' id='word_1_180' title='bbox 2336 2251 2453 2308; x_wconf 91' lang='lat' dir='ltr'>im-</span> 
     </span>
     <span class='ocr_line' id='line_1_23' title="bbox 303 2347 2449 2427; baseline -0.001 -22"><span class='ocrx_word' id='word_1_181' title='bbox 303 2348 570 2427; x_wconf 88' lang='lat' dir='ltr'>potentia</span> <span class='ocrx_word' id='word_1_182' title='bbox 619 2347 1019 2405; x_wconf 88' lang='lat' dir='ltr'>annunciandi</span> <span class='ocrx_word' id='word_1_183' title='bbox 1065 2370 1130 2405; x_wconf 91' lang='lat' dir='ltr'>ac</span> <span class='ocrx_word' id='word_1_184' title='bbox 1174 2347 1597 2406; x_wconf 87' lang='lat' dir='ltr'>disseminandi</span> <span class='ocrx_word' id='word_1_185' title='bbox 1642 2347 1991 2427; x_wconf 82' lang='lat' dir='ltr'>religionem</span> <span class='ocrx_word' id='word_1_186' title='bbox 2045 2347 2449 2406; x_wconf 87' lang='lat' dir='ltr'>christianam.</span> 
     </span>
     <span class='ocr_line' id='line_1_24' title="bbox 309 2442 2454 2524; baseline -0.001 -22"><span class='ocrx_word' id='word_1_187' title='bbox 309 2444 464 2516; x_wconf 87' lang='lat' dir='ltr'>Quin</span> <span class='ocrx_word' id='word_1_188' title='bbox 487 2444 606 2502; x_wconf 91' lang='lat' dir='ltr'>imo</span> <span class='ocrx_word' id='word_1_189' title='bbox 631 2464 824 2524; x_wconf 88' lang='lat' dir='ltr'>neque</span> <span class='ocrx_word' id='word_1_190' title='bbox 848 2442 1189 2501; x_wconf 88' lang='lat' dir='ltr'>subsisteret</span> <span class='ocrx_word' id='word_1_191' title='bbox 1206 2443 1328 2524; x_wconf 89' lang='lat' dir='ltr'>ipse</span> <span class='ocrx_word' id='word_1_192' title='bbox 1357 2443 1902 2517; x_wconf 85' lang='lat' dir='ltr'>Protestantismus⁷</span> <span class='ocrx_word' id='word_1_193' title='bbox 1932 2444 2034 2524; x_wconf 90' lang='lat' dir='ltr'>qui</span> <span class='ocrx_word' id='word_1_194' title='bbox 2058 2465 2180 2500; x_wconf 92' lang='lat' dir='ltr'>non</span> <span class='ocrx_word' id='word_1_195' title='bbox 2201 2463 2363 2501; x_wconf 88' lang='lat' dir='ltr'>secus</span> <span class='ocrx_word' id='word_1_196' title='bbox 2388 2462 2454 2500; x_wconf 91' lang='lat' dir='ltr'>ac</span> 
     </span>
     <span class='ocr_line' id='line_1_25' title="bbox 309 2536 2455 2620; baseline -0 -23"><span class='ocrx_word' id='word_1_197' title='bbox 309 2539 563 2618; x_wconf 70' lang='lat' dir='ltr'>liaereses</span> <span class='ocrx_word' id='word_1_198' title='bbox 588 2560 793 2598; x_wconf 85' lang='lat' dir='ltr'>omnes</span> <span class='ocrx_word' id='word_1_199' title='bbox 819 2561 940 2596; x_wconf 91' lang='lat' dir='ltr'>non</span> <span class='ocrx_word' id='word_1_200' title='bbox 966 2537 1214 2620; x_wconf 66' lang='lat' dir='ltr'>prodiit,</span> <span class='ocrx_word' id='word_1_201' title='bbox 1248 2538 1361 2597; x_wconf 91' lang='lat' dir='ltr'>nisi</span> <span class='ocrx_word' id='word_1_202' title='bbox 1384 2560 1455 2598; x_wconf 79' lang='lat' dir='ltr'>ex</span> <span class='ocrx_word' id='word_1_203' title='bbox 1487 2537 1922 2597; x_wconf 85' lang='lat' dir='ltr'>Catholicorum</span> <span class='ocrx_word' id='word_1_204' title='bbox 1944 2536 2342 2619; x_wconf 90' lang='lat' dir='ltr'>quorumdam</span> <span class='ocrx_word' id='word_1_205' title='bbox 2371 2557 2455 2596; x_wconf 90' lang='lat' dir='ltr'>se-</span> 
     </span>
     <span class='ocr_line' id='line_1_26' title="bbox 310 2631 2453 2717; baseline -0.002 -23"><span class='ocrx_word' id='word_1_206' title='bbox 310 2634 633 2694; x_wconf 88' lang='lat' dir='ltr'>ditionibus</span> <span class='ocrx_word' id='word_1_207' title='bbox 651 2657 717 2695; x_wconf 90' lang='lat' dir='ltr'>ac</span> <span class='ocrx_word' id='word_1_208' title='bbox 735 2636 1137 2717; x_wconf 88' lang='lat' dir='ltr'>perversione.</span> <span class='ocrx_word' id='word_1_209' title='bbox 1167 2633 1336 2707; x_wconf 85' lang='lat' dir='ltr'>Quod</span> <span class='ocrx_word' id='word_1_210' title='bbox 1356 2633 1587 2712; x_wconf 89' lang='lat' dir='ltr'>jamdiu</span> <span class='ocrx_word' id='word_1_211' title='bbox 1614 2634 2040 2714; x_wconf 79' lang='lat' dir='ltr'>significaverat</span> <span class='ocrx_word' id='word_1_212' title='bbox 2057 2631 2453 2693; x_wconf 89' lang='lat' dir='ltr'>Tertullianus</span> 
     </span>
     <span class='ocr_line' id='line_1_27' title="bbox 310 2730 2454 2815; baseline -0.002 -24"><span class='ocrx_word' id='word_1_213' title='bbox 310 2732 646 2791; x_wconf 87' lang='lat' dir='ltr'>testimonio</span> <span class='ocrx_word' id='word_1_214' title='bbox 699 2754 875 2815; x_wconf 89' lang='lat' dir='ltr'>supra</span> <span class='ocrx_word' id='word_1_215' title='bbox 934 2730 1188 2791; x_wconf 87' lang='lat' dir='ltr'>adducto</span> <span class='ocrx_word' id='word_1_216' title='bbox 1237 2754 1250 2789; x_wconf 77' lang='lat' dir='ltr'><em>z</em></span> <span class='ocrx_word' id='word_1_217' title='bbox 1307 2731 1610 2812; x_wconf 75' lang='lat' dir='ltr'>Quoniam</span> <span class='ocrx_word' id='word_1_218' title='bbox 1666 2741 1722 2789; x_wconf 76' lang='lat' dir='ltr'>et</span> <span class='ocrx_word' id='word_1_219' title='bbox 1776 2736 1983 2811; x_wconf 76' lang='lat' dir='ltr'>ipsum</span> <span class='ocrx_word' id='word_1_220' title='bbox 2043 2752 2190 2810; x_wconf 79' lang='lat' dir='ltr'>opus</span> <span class='ocrx_word' id='word_1_221' title='bbox 2244 2750 2454 2788; x_wconf 80' lang='lat' dir='ltr'>eorum</span> 
     </span>
     <span class='ocr_line' id='line_1_28' title="bbox 308 2827 2457 2910; baseline -0.001 -23"><span class='ocrx_word' id='word_1_222' title='bbox 308 2829 793 2910; x_wconf 86' lang='lat' dir='ltr'>(haereticorum)</span> <span class='ocrx_word' id='word_1_223' title='bbox 833 2849 956 2887; x_wconf 74' lang='lat' dir='ltr'>non</span> <span class='ocrx_word' id='word_1_224' title='bbox 994 2829 1064 2887; x_wconf 85' lang='lat' dir='ltr'>de</span> <span class='ocrx_word' id='word_1_225' title='bbox 1102 2850 1208 2887; x_wconf 81' lang='lat' dir='ltr'>suo</span> <span class='ocrx_word' id='word_1_226' title='bbox 1232 2833 1482 2908; x_wconf 71' lang='lat' dir='ltr'>proprio</span> <span class='ocrx_word' id='word_1_227' title='bbox 1517 2828 1778 2908; x_wconf 78' lang='lat' dir='ltr'>cedificz‘a</span> <span class='ocrx_word' id='word_1_228' title='bbox 1818 2831 2015 2897; x_wconf 76' lang='lat' dir='ltr'>venit,</span> <span class='ocrx_word' id='word_1_229' title='bbox 2058 2828 2163 2886; x_wconf 79' lang='lat' dir='ltr'>sed</span> <span class='ocrx_word' id='word_1_230' title='bbox 2192 2827 2262 2885; x_wconf 82' lang='lat' dir='ltr'>de</span> <span class='ocrx_word' id='word_1_231' title='bbox 2297 2830 2457 2886; x_wconf 78' lang='lat' dir='ltr'>veri-</span> 
     </span>
     <span class='ocr_line' id='line_1_29' title="bbox 310 2923 2161 3005; baseline -0.001 -22"><span class='ocrx_word' id='word_1_232' title='bbox 310 2929 452 2985; x_wconf 80' lang='lat' dir='ltr'>tatis</span> <span class='ocrx_word' id='word_1_233' title='bbox 477 2927 899 2986; x_wconf 75' lang='lat' dir='ltr'>destructione.</span> <span class='ocrx_word' id='word_1_234' title='bbox 931 2923 1156 2984; x_wconf 74' lang='lat' dir='ltr'>Nostra</span> <span class='ocrx_word' id='word_1_235' title='bbox 1190 2926 1562 3005; x_wconf 73' lang='lat' dir='ltr'>suffodiunt,</span> <span class='ocrx_word' id='word_1_236' title='bbox 1603 2936 1675 2984; x_wconf 75' lang='lat' dir='ltr'>ut</span> <span class='ocrx_word' id='word_1_237' title='bbox 1703 2947 1820 2984; x_wconf 75' lang='lat' dir='ltr'>sua</span> <span class='ocrx_word' id='word_1_238' title='bbox 1854 2925 2161 3003; x_wconf 68' lang='lat' dir='ltr'>aedificent.</span> 
     </span>
    </p>
   </div>
   <div class='ocr_carea' id='block_1_3' title="bbox 1132 3117 1628 3158">
    <p class='ocr_par' dir='ltr' id='par_1_5' title="bbox 1132 3117 1628 3158">
     <span class='ocr_line' id='line_1_30' title="bbox 1132 3117 1628 3158; baseline 0 0"><span class='ocrx_word' id='word_1_239' title='bbox 1132 3117 1628 3158; x_wconf 85' lang='lat' dir='ltr'>DIFFICULTATES.</span> 
     </span>
    </p>
   </div>
   <div class='ocr_carea' id='block_1_4' title="bbox 394 3256 2450 3339">
    <p class='ocr_par' dir='ltr' id='par_1_6' title="bbox 394 3256 2450 3339">
     <span class='ocr_line' id='line_1_31' title="bbox 394 3256 2450 3339; baseline -0 -25"><span class='ocrx_word' id='word_1_240' title='bbox 394 3256 534 3316; x_wconf 80' lang='lat'>256.</span> <span class='ocrx_word' id='word_1_241' title='bbox 580 3256 713 3336; x_wconf 88' lang='lat' dir='ltr'>Obj.</span> <span class='ocrx_word' id='word_1_242' title='bbox 758 3259 821 3317; x_wconf 87' lang='lat'>10</span> <span class='ocrx_word' id='word_1_243' title='bbox 862 3257 1094 3317; x_wconf 89' lang='lat' dir='ltr'>Falsum</span> <span class='ocrx_word' id='word_1_244' title='bbox 1136 3258 1199 3316; x_wconf 89' lang='lat' dir='ltr'>in</span> <span class='ocrx_word' id='word_1_245' title='bbox 1232 3258 1441 3339; x_wconf 90' lang='lat' dir='ltr'>primis</span> <span class='ocrx_word' id='word_1_246' title='bbox 1482 3269 1605 3334; x_wconf 79' lang='lat' dir='ltr'>est,</span> <span class='ocrx_word' id='word_1_247' title='bbox 1644 3256 1949 3316; x_wconf 82' lang='lat' dir='ltr'>missiones</span> <span class='ocrx_word' id='word_1_248' title='bbox 1996 3256 2450 3316; x_wconf 89' lang='lat' dir='ltr'>Protestantium</span> 
     </span>
    </p>
   </div>
   <div class='ocr_carea' id='block_1_5' title="bbox 312 3447 2452 3766">
    <p class='ocr_par' dir='ltr' id='par_1_7' title="bbox 312 3447 2452 3766">
     <span class='ocr_line' id='line_1_32' title="bbox 382 3447 2452 3513; baseline -0.002 -17"><span class='ocrx_word' id='word_1_249' title='bbox 382 3447 443 3513; x_wconf 91' lang='grc'>(1)</span> <span class='ocrx_word' id='word_1_250' title='bbox 482 3447 765 3497; x_wconf 71' lang='lat' dir='ltr'>Lettressur</span> <span class='ocrx_word' id='word_1_251' title='bbox 777 3448 909 3500; x_wconf 67' lang='lat' dir='ltr'>l’etat</span> <span class='ocrx_word' id='word_1_252' title='bbox 925 3450 994 3498; x_wconf 76' lang='lat' dir='ltr'>du</span> <span class='ocrx_word' id='word_1_253' title='bbox 1020 3449 1337 3499; x_wconf 74' lang='lat' dir='ltr'>Christianis·</span> <span class='ocrx_word' id='word_1_254' title='bbox 1422 3450 1655 3498; x_wconf 77' lang='lat' dir='ltr'>Latrones</span> <span class='ocrx_word' id='word_1_255' title='bbox 1694 3449 1934 3496; x_wconf 77' lang='lat' dir='ltr'>immanes</span> <span class='ocrx_word' id='word_1_256' title='bbox 1954 3486 1966 3508; x_wconf 84' lang='lat'><strong>‚</strong></span> <span class='ocrx_word' id='word_1_257' title='bbox 2001 3458 2045 3496; x_wconf 88' lang='lat' dir='ltr'>et</span> <span class='ocrx_word' id='word_1_258' title='bbox 2075 3448 2344 3513; x_wconf 71' lang='lat' dir='ltr'>pessimum</span> <span class='ocrx_word' id='word_1_259' title='bbox 2371 3461 2452 3509; x_wconf 77' lang='lat' dir='ltr'>qe-</span> 
     </span>
     <span class='ocr_line' id='line_1_33' title="bbox 312 3527 2448 3597; baseline -0.003 -18"><span class='ocrx_word' id='word_1_260' title='bbox 312 3549 386 3580; x_wconf 89' lang='lat' dir='ltr'>me</span> <span class='ocrx_word' id='word_1_261' title='bbox 402 3531 525 3580; x_wconf 80' lang='lat' dir='ltr'>dam</span> <span class='ocrx_word' id='word_1_262' title='bbox 538 3531 697 3580; x_wconf 78' lang='lat' dir='ltr'>l&#39;Inde</span> <span class='ocrx_word' id='word_1_263' title='bbox 711 3567 726 3593; x_wconf 89' lang='lat'><strong><em>,</em></strong></span> <span class='ocrx_word' id='word_1_264' title='bbox 749 3549 832 3597; x_wconf 86' lang='lat' dir='ltr'>par</span> <span class='ocrx_word' id='word_1_265' title='bbox 849 3532 916 3582; x_wconf 87' lang='lat' dir='ltr'>M.</span> <span class='ocrx_word' id='word_1_266' title='bbox 935 3533 1131 3583; x_wconf 77' lang='lat' dir='ltr'>DuboiS.</span> <span class='ocrx_word' id='word_1_267' title='bbox 1421 3548 1516 3579; x_wconf 76' lang='lat' dir='ltr'>nus</span> <span class='ocrx_word' id='word_1_268' title='bbox 1533 3531 1807 3579; x_wconf 71' lang='lat' dir='ltr'>dcemomcm</span> <span class='ocrx_word' id='word_1_269' title='bbox 1834 3533 2134 3579; x_wconf 76' lang='lat' dir='ltr'>terrestrium</span> <span class='ocrx_word' id='word_1_270' title='bbox 2153 3566 2169 3593; x_wconf 94' lang='lat'><em>‚</em></span> <span class='ocrx_word' id='word_1_271' title='bbox 2185 3527 2448 3595; x_wconf 78' lang='lat' dir='ltr'>sycophan-</span> 
     </span>
     <span class='ocr_line' id='line_1_34' title="bbox 377 3615 1659 3682; baseline 0.001 -20"><span class='ocrx_word' id='word_1_272' title='bbox 377 3616 447 3680; x_wconf 79' lang='lat'>(2)</span> <span class='ocrx_word' id='word_1_273' title='bbox 486 3615 587 3665; x_wconf 86' lang='lat' dir='ltr'>Fol.</span> <span class='ocrx_word' id='word_1_274' title='bbox 611 3615 792 3682; x_wconf 86' lang='lat' dir='ltr'>period.</span> <span class='ocrx_word' id='word_1_275' title='bbox 829 3616 1136 3681; x_wconf 81' lang='lat' dir='ltr'>anglicanum</span> <span class='ocrx_word' id='word_1_276' title='bbox 1160 3625 1336 3680; x_wconf 83' lang='lat' dir='ltr'>protes·</span> <span class='ocrx_word' id='word_1_277' title='bbox 1422 3622 1494 3663; x_wconf 77' lang='lat' dir='ltr'>tas</span> <span class='ocrx_word' id='word_1_278' title='bbox 1518 3651 1533 3675; x_wconf 90' lang='lat'><em>‚</em></span> <span class='ocrx_word' id='word_1_279' title='bbox 1570 3624 1659 3663; x_wconf 84' lang='lat' dir='ltr'>etc.</span> 
     </span>
     <span class='ocr_line' id='line_1_35' title="bbox 312 3697 1331 3766; baseline -0.001 -20"><span class='ocrx_word' id='word_1_280' title='bbox 312 3708 414 3747; x_wconf 82' lang='lat' dir='ltr'>tans</span> <span class='ocrx_word' id='word_1_281' title='bbox 444 3698 551 3764; x_wconf 77' lang='lat' dir='ltr'>Aqe</span> <span class='ocrx_word' id='word_1_282' title='bbox 574 3738 588 3762; x_wconf 82' lang='lat'>‚</span> <span class='ocrx_word' id='word_1_283' title='bbox 624 3708 677 3766; x_wconf 86' lang='lat'>7⁰</span> <span class='ocrx_word' id='word_1_284' title='bbox 708 3698 819 3766; x_wconf 85' lang='lat' dir='ltr'>Sep.</span> <span class='ocrx_word' id='word_1_285' title='bbox 872 3697 992 3748; x_wconf 77' lang='lat'>1831</span> <span class='ocrx_word' id='word_1_286' title='bbox 1019 3737 1031 3759; x_wconf 91' lang='lat'>‚</span> <span class='ocrx_word' id='word_1_287' title='bbox 1075 3710 1208 3747; x_wconf 85' lang='lat' dir='ltr'>vocat</span> <span class='ocrx_word' id='word_1_288' title='bbox 1247 3698 1331 3745; x_wconf 85' lang='lat' dir='ltr'>hos</span> 
     </span>
    </p>
   </div>
  </div>
 </body>
</html>
