2554 4140
304 176 457 213 paor.
507 177 631 214 vm.
682 177 749 213 mi
792 177 1008 216 HAERET.
1056 168 1122 214 ΕΤ
1164 170 1383 215 senisu.
1431 176 1634 215 Ex'raA.
1685 175 1832 214 neci„
2001 156 2116 215 291

23 316 264 393 sejuncti
310 327 409 374 aut
449 316 673 397 expulsi
719 339 840 376 non
876 328 1051 389 sunt,
1097 315 1171 374 ad
1208 321 1328 394 ejus
1373 318 1579 377 saltem
1618 340 1824 400 corpus
1861 329 2127 401 spectant

23 411 343 490 Propositio
371 411 544 490 igitur
570 422 658 470 est
680 411 755 470 de
784 411 928 484 illis,
957 409 1057 491 qui
1088 410 1339 469 exterius
1362 411 1434 470 ab
1469 412 1711 472 Ecclesia
1739 413 1924 473 divisa
1963 425 2123 488 sunt,

27 515 87 563 et
114 506 176 561 in
206 516 532 585 separatam
566 526 631 563 ac
655 503 987 563 distinctam
1010 500 1084 561 ab
1121 503 1246 583 ipsa
1274 505 1608 565 societatem
1635 518 1735 566 aut
1762 519 1980 568 coetum
2004 530 2128 568 coa·

27 598 255 657 lescunt
279 644 295 673 ‚
332 610 391 658 et
424 598 658 679 quidem
685 620 792 680 per
821 596 1212 658 voluntariam
1247 617 1313 655 ac
1342 598 1691 678 culpabilem
1722 601 2128 663 defectionem.

114 693 250 752 197.
298 695 415 751 Hos
463 703 660 751 autem
712 711 903 771 neque
944 690 1019 748 ad
1062 691 1319 749 animam
1339 737 1354 766 7
1410 712 1601 773 neque
1649 695 1723 753 ad
1765 718 1971 779 corpus
1995 743 2012 766 .,
2061 709 2130 757 ut

29 790 225 863 ajunt,
267 786 560 857 Ecclesiae,
611 806 712 843 seu
756 782 918 842 nullo
963 784 1136 843 modo
1175 784 1250 843 ad
1291 785 1600 845 Ecclesiam
1634 790 1924 868 pertinere
1965 791 2131 851 facile

32 892 120 940 est
155 883 439 942 evincere.
470 879 904 960 Sectarii'atque
932 879 1314 956 schismatici,
1339 892 1406 939 ut
1438 881 1706 963 superius
1732 883 1984 943 vidimus
2014 885 2127 966 (1),

31 987 170 1033 sunt
198 974 378 1035 veluti
407 973 650 1032 totidem
675 974 823 1031 rami
852 974 1022 1032 excisi
1044 996 1076 1033 a
1100 997 1308 1054 magna
1337 975 1435 1034 illa
1466 974 1704 1052 arbore,
1735 997 1912 1058 quam
1936 979 2132 1039 Chris-

30 1081 123 1127 tus
150 1055 475 1150 plantavit,
499 1077 566 1125 ut
580 1079 865 1127 cresceret
890 1090 1072 1150 usque
1089 1069 1164 1127 ad
1182 1071 1744 1131 consummationem
1763 1071 1977 1147 saeculi,
1996 1086 2134 1132 sunt
2189 1055 2212 1111 ’-

29 1163 202 1223 rivuli
221 1185 252 1220 a
271 1163 429 1221 fonte
447 1163 720 1244 separati,
738 1162 933 1222 memb
942 1185 1004 1222 ra
1021 1186 1052 1222 a
1068 1185 1307 1245 corpore
1327 1166 1527 1225 recisa.
1550 1168 1767 1247 Utpote
1780 1167 2129 1248 perduelle5‚

31 1268 204 1338 atque
240 1257 302 1314 in
340 1258 576 1338 proprio
612 1279 787 1316 sensu
828 1258 1152 1338 pervicaces
1194 1269 1394 1317 contra
1434 1259 1696 1319 Ecclesiae
1728 1260 2093 1321 definitiones
2117 1304 2136 1336 ,v

31 1353 186 1433 ipsos
210 1351 415 1410 eadem
440 1351 686 1410 Ecclesia
710 1351 1012 1412 damnavit
1033 1364 1207 1434 atque
1233 1352 1476 1412 exscidit
1499 1353 1572 1413 ab
1601 1355 1848 1415 unitate.
1882 1355 2129 1416 Ecclesia

21 1450 195 1524 juxta
232 1445 447 1504 Christi
471 1445 815 1503 mandatum
841 1467 938 1503 eos
965 1445 1146 1505 habet
1179 1446 1347 1530 velut¹
1369 1446 1637 1508 ethnicos
1664 1460 1725 1508 et
1751 1449 2089 1530 publicanos
2110 1496 2126 1524 ,

35 1552 91 1599 et
126 1540 484 1599 cohaerenter
522 1538 598 1597 ad
635 1539 797 1598 Pauli
842 1539 1204 1621 aliorumque
1257 1541 1667 1621 Apostolorum
1707 1543 2039 1603 doctrinam
2078 1556 2139 1604 et

33 1635 261 1716 praxim
280 1633 462 1695 veluti
481 1634 716 1715 proprio
725 1632 942 1712 judicio
956 1634 1373 1694 condemnatos
1388 1647 1445 1694 et
1458 1635 1764 1697 subversos
1786 1637 2006 1699 devitat
2019 1637 2138 1719 (2),

36 1750 143 1788 nec
171 1727 289 1787 ulla
324 1729 549 1787 ratione
584 1729 972 1788 communicat
991 1774 1007 1803 7
1046 1750 1154 1788 nec
1182 1730 1320 1788 sinit
1352 1730 1414 1787 in
1452 1731 1846 1812 spiritualibus
1874 1753 2142 1792 commu-

33 1824 226 1882 nicare
241 1844 374 1882 cum
390 1823 469 1882 eis
484 1823 627 1881 filios
642 1845 794 1882 suos,
817 1824 962 1902 Ergo
977 1823 1238 1882 haeretici
1258 1835 1432 1905 atque
1448 1825 1795 1885 schismatici
1817 1827 2130 1888 voluntarii

37 1930 159 1977 tam
197 1919 371 1978 alieni
401 1930 537 1977 sunt
575 1916 648 1976 ab
691 1918 885 1977 anima
923 1918 1179 1978 Ecclesiae
1202 1962 1218 1991 ‚
1255 1941 1431 2000 quam
1466 1919 1689 1979 alienus
1730 1933 1788 1980 et
1825 1932 2141 1982 extraneus

39 2024 126 2072 est
159 2034 321 2071 error
349 2035 380 2071 a
408 2013 651 2074 veritate
673 2057 689 2087 ‚
733 2024 795 2072 et
822 2012 1025 2071 divisio
1049 2024 1109 2072 et
1134 2014 1391 2073 confusio
1422 2014 1494 2072 ab
1515 2014 1720 2075 ordine
1746 2027 1805 2075 et
1838 2016 2144 2079 individua

38 2109 303 2181 unitate3
345 2119 465 2166 tam
491 2118 630 2166 sunt
652 2107 824 2167 alieni
853 2129 884 2166 a
923 2129 1165 2190 corpore
1192 2109 1369 2191 ipsius
1394 2109 1654 2173 Ecclesiae
1673 2155 1689 2185 ,
1717 2122 1784 2169 ut
1809 2110 2145 2171 membrum

42 2225 73 2262 a
115 2224 353 2284 corpore
387 2201 735 2277 abscissum,
775 2214 842 2261 ut
876 2225 1071 2261 ramus
1098 2203 1171 2261 ab
1215 2203 1421 2263 arbore
1450 2205 1683 2264 avulsus
1705 2251 1721 2280 .,
1760 2216 1826 2264 ut
1854 2205 2075 2266 rivulus
2114 2228 2146 2265 a

20 2298 202 2357 'fonte
231 2297 475 2373 divisus,
513 2307 581 2355 ut
613 2296 856 2356 rebelles
896 2318 960 2356 ac
997 2298 1313 2357 refractarii
1349 2320 1380 2356 a
1417 2299 1688 2358 societate
1718 2300 1947 2380 depulsi
1974 2312 2148 2382 atque

42 2403 318 2451 extorres,
349 2393 498 2451 Hinc
521 2392 665 2450 sicut
682 2391 842 2449 nulla
872 2404 959 2450 est
983 2393 1295 2452 conventio
1319 2393 1533 2452 Christi
1560 2394 1634 2452 ad
1660 2394 1874 2470 Belial,
1901 2406 1958 2454 et
1986 2395 2149 2454 nulla

44 2488 281 2545 societas
314 2486 454 2545 lucis
489 2486 559 2544 ad
585 2486 854 2545 tenebras
876 2531 893 2561 a
933 2487 1010 2545 sic
1038 2486 1198 2546 nulla
1222 2487 1505 2555 haereticis
1529 2500 1588 2548 et
1612 2489 1989 2549 schismaticis
2015 2511 2149 2572 pars

41 2594 128 2640 est
153 2604 284 2640 eum
318 2581 546 2641 Christo
578 2585 814 2661 ejusque
838 2603 1017 2661 regno
1040 2604 1141 2641 seu
1177 2605 1309 2641 cum
1337 2605 1472 2642 vera
1503 2583 1717 2642 Christi
1743 2584 2008 2643 Ecclesia.

130 2678 262 2736 198.
309 2679 446 2735 Haec
481 2676 722 2756 proinde
749 2696 979 2756 semper
1013 2677 1123 2733 fuit
1162 2688 1221 2734 et
1253 2679 1540 2735 sententia
1570 2688 1627 2736 et
1667 2679 1861 2759 praxis
1901 2679 2152 2759 antiqui—

47 2773 179 2831 tatis
210 2773 272 2830 in
309 2772 663 2831 revelatione
703 2770 962 2829 fundatai
997 2771 1257 2829 Christus
1282 2773 1405 2853 ipse
1429 2817 1444 2845 ,
1471 2785 1538 2830 ut
1573 2795 1747 2854 supra
1773 2774 2150 2834 animadver-

47 2867 222 2925 timus
250 2912 268 2944 ‚
315 2866 378 2925 in
422 2865 758 2947 Apocalypsi
794 2867 1002 2924 acriter
1042 2865 1306 2946 objurgat
1343 2866 1625 2946 Angelum
1664 2889 1765 2927 seu
1809 2870 2152 2950 Episcopum

51 2960 310 3020 Ecclesiae
345 2961 609 3039 Pergami
639 3005 656 3035 .,
701 2983 770 3020 eo
805 2960 961 3041 quod
1006 2971 1303 3042 pateretur
1343 2962 1406 3019 in
1444 2983 1544 3020 sua
1589 2962 1833 3022 Ecclesia
1870 2963 2155 3044 quosdam

52 3066 302 3114 tenentes
327 3057 663 3114 doctrinam
684 3056 1139 3116 Nicolai'tarum
1158 3103 1175 3125 ,
1214 3067 1274 3115 et
1306 3055 1515 3116 idcirco
1546 3057 1797 3137 injungit
1824 3058 1933 3139 ipsi
1960 3060 2156 3140 poeni-

54 3149 345 3228 tentiam(
375 3152 545 3230 Apoc.
581 3151 662 3224 ΙΙ,
704 3151 842 3229 15).
874 3150 1179 3231 Apostolus
1214 3151 1423 3210 Paulus
1451 3152 1511 3209 in
1544 3152 1797 3233 Epistola
1826 3152 1901 3211 ad
1927 3153 2158 3213 Galatas

50 3243 365 3302 anathema
382 3243 519 3302 dicit
535 3244 601 3302 iis
620 3289 635 3318 ,
667 3246 764 3326 qui
782 3244 1053 3303 docerent
1075 3244 1364 3304 diversam
1380 3233 1703 3305 doctrinam
1727 3246 1799 3305 ab
1822 3246 1920 3306 illa
1940 3293 1956 3320 ,
1982 3270 2160 3329 quam

56 3338 177 3418 ipse
206 3338 273 3395 iis
305 3337 619 3397 tradiderat
650 3339 887 3420 (Galat.
924 3341 988 3412 1,
1026 3340 1119 3419 6).
1152 3341 1208 3399 S.
1241 3341 1497 3398 Joannes
1529 3341 1757 3423 scripsit
1791 3341 1867 3400 ad
1907 3341 2161 3402 Electam

59 3442 117 3490 et
135 3431 280 3506 filios
297 3437 418 3510 ejus
450 3456 462 3490 ι
500 3435 573 3493 Si
593 3438 730 3512 quis
754 3438 915 3494 venit
933 3436 1018 3494 ad
1036 3455 1131 3494 vos
1147 3478 1170 3506 ,
1195 3446 1250 3493 ct
1268 3436 1425 3494 hanc
1447 3436 1782 3497 doctrinam
1812 3458 1928 3496 non
1952 3439 2156 3516 affert,

128 3633 194 3695 (l)
231 3631 364 3696 Prop.
396 3647 462 3692 iv,
494 3632 634 3681 corol.
670 3648 718 3681 2.
1230 3636 1296 3698 (2)
1334 3636 1423 3685 loc.
1451 3640 1532 3687 cit.

1866 3719 1958 3776 19.
