2554 4140
460 210 581 247 CAP.
629 209 717 246 111.
765 209 833 245 DE
876 208 1003 245 ΠΟΤ.
1047 205 1166 245 mv.
1212 203 1283 246 AG
1327 204 1628 245 SUPERNAT.
1675 204 1804 245 BEV.

2113 182 2184 240 41

919 386 922 389 “
944 372 1184 431 CAPUT
1217 373 1317 431 111.

330 543 398 578 DE
441 537 603 577 NOTIS
641 533 848 573 DWlNAE
890 531 961 568 AC
1004 529 1496 568 SUPERNATURALIS
1539 531 1962 572 REVELA'HOMS·

173 725 308 783 102.
354 725 581 782 Frustra
604 716 830 778 Divinae
865 735 931 774 ac
954 711 1408 796 supernaturalis
1441 711 1815 775 revelationis
1841 715 2190 795 possibilitas

91 831 264 901 atque
293 797 594 879 necessitas
614 812 810 871 fuisset
833 832 940 892 per
959 831 1065 869 nos
1093 809 1412 868 constituta
1434 853 1451 884 .,
1485 809 1598 867 nisi
1621 819 1903 890 praeterea
1928 810 2192 873 adstrue-

89 934 281 974 remus
319 921 500 970 certas
541 918 708 966 notas
739 907 817 966 ad
851 927 982 966 eam
1023 903 1467 964 discernendam
1501 903 1576 963 ab
1620 904 1928 963 hominum
1961 905 2184 966 fraude.

171 1005 305 1080 103,
353 1003 702 1083 Hujusmodi
725 1012 997 1060 notarum
1025 999 1341 1082 potissimae
1362 1045 1377 1075 ,
1409 998 1671 1058 omnium
1695 1020 1981 1058 consensu
2005 1044 2022 1074 ‚
2053 1011 2193 1058 sunt

86 1098 359 1160 miracula
385 1110 446 1158 et
478 1097 818 1180 prophetiae.
858 1098 959 1156 Hae
993 1105 1146 1155 notae
1185 1096 1232 1154 si
1267 1116 1394 1153 vere
1423 1095 1676 1155 existant
1706 1095 1770 1152 in
1795 1095 2193 1154 confirmatio-

83 1212 222 1255 nem
253 1194 487 1272 alicujus
512 1193 793 1253 doctrinae
812 1237 828 1267 7
857 1192 952 1253 vel
966 1191 1040 1250 ad
1058 1189 1553 1273 comprobandam
1569 1189 1811 1269 alicujus
1826 1191 2188 1266 missionem,

84 1312 215 1373 quae
242 1312 274 1349 a
307 1293 428 1349 Deo
466 1311 584 1349 esse
619 1287 1072 1371 perhibeantur,
1119 1286 1350 1345 nullum
1382 1285 1628 1346 dubium
1663 1306 1961 1369 superesse
1999 1297 2193 1369 potest

83 1386 204 1446 sive
245 1386 391 1444 circa
436 1385 806 1445 divinitatem
837 1381 991 1440 illius
1031 1380 1339 1456 doctrinae,
1388 1382 1510 1443 sive
1555 1382 1703 1442 circa·
1747 1381 2010 1444 divinam
2048 1383 2192 1441 mis-

85 1480 310 1539 sionem
346 1479 611 1554 illorum.,
637 1479 701 1537 in
727 1498 977 1559 quorum
1013 1478 1259 1556 gratiam
1292 1476 1447 1537 edita
1478 1476 1580 1536 illa
1619 1489 1779 1537 sunt.

168 1574 305 1633 104.
351 1575 563 1634 Deistae
615 1594 680 1632 ac
729 1571 1102 1632 rationalistae
1121 1618 1136 1647 ‚
1202 1593 1336 1631 cum
1395 1571 1622 1632 nullam
1685 1571 2192 1656 supernaturalem

82 1669 499 1746 revelatipnem
525 1680 836 1749 agnoscant
855 1713 870 1742 ,
895 1667 1127 1728 nullum
1149 1669 1370 1750 pariter
1399 1678 1720 1749 agnoscunt
1747 1690 1892 1751 opus
1914 1690 2193 1751 superna-

61 1763 268 1824 turale
296 1764 372 1823 ad
409 1786 537 1824 eam
564 1762 1049 1822 confirmandam.

165 1857 302 1916 105.
351 1859 419 1917 In
473 1856 963 1916 rationalistarum
1013 1868 1324 1936 systemate
1368 1857 1567 1938 religio
1597 1903 1614 1932 ,
1660 1880 1789 1940 quae
1824 1844 2190 1939 supernatu-

82 1954 234 2010 ralis
262 1951 501 2025 dicitur,
525 1951 609 2009 nil
635 1950 794 2010 aliud
819 1962 902 2010 est
921 1996 937 2026 ‚
967 1973 1144 2032 quam
1165 1952 1288 2034 ipsa
1321 1953 1520 2033 religio
1549 1953 1831 2012 naturalis
1866 1953 1973 2012 sub
2003 1953 2190 2012 forma

75 2050 337 2125 positiva
385 2047 681 2127 proposita
736 2047 841 2104 Dei
900 2047 1171 2122 nomine,
1228 2050 1586 2107 arbz‘trarz'z's
1630 2048 1928 2107 nonnullis
1975 2047 2190 2106 additis

83 2140 397 2214 institutiS‚
450 2161 514 2198 ac
544 2141 765 2219 mythis
792 2141 884 2221 (l)
914 2140 1176 2201 involuta
1210 2140 1285 2200 ad
1322 2142 1637 2223 quamdam
1675 2126 1854 2224 apud.
1873 2141 2046 2201 rudes
2085 2164 2192 2200 au-

83 2233 410 2314 cupandam
455 2235 873 2295 auctoritatem.
930 2237 1118 2309 Quare
1166 2235 1384 2295 factum
1431 2249 1551 2310 est,
1599 2249 1666 2296 ut
1714 2238 2021 2318 religiones
2061 2258 2191 2297 mo-

81 2437 278 2487 Theiner
295 2476 309 2500 ‚
349 2437 515 2490 Storia
544 2440 624 2488 del
654 2442 916 2490 seminario
954 2441 1096 2491 eccle-

77 2516 268 2569 siastici)
287 2557 302 2580 ‚
331 2537 357 2568 o
374 2520 446 2585 qli
473 2530 564 2570 otto
584 2523 752 2586 qiorm'
773 2540 803 2570 a
828 2519 971 2571 Sam’
990 2523 1096 2572 Eu-

80 2601 207 2649 sebio
230 2618 261 2649 a
290 2602 457 2652 Roma.
478 2604 629 2652 Roma
659 2602 804 2667 1834.
828 2606 1094 2670 epocham,

80 2683 161 2731 ubi
197 2694 345 2732 totum
374 2685 464 2733 hoc
492 2687 727 2751 negotium
756 2690 917 2751 repetit
943 2705 969 2735 a
1001 2689 1111 2751 suis-

80 2768 246 2813 causis.
291 2765 528 2815 Confundi
574 2776 732 2816 tamen
776 2785 874 2816 non
921 2768 1094 2817 debent

78 2852 409 2910 protestantes,
449 2866 565 2913 quos
596 2859 761 2897 vocant
786 2850 1092 2898 rationalistas

81 2943 162 2975 seu
178 2929 486 2989 naturalistas‚
505 2930 562 2978 de
579 2930 748 2995 quibus
763 2933 960 2995 agimus,
983 2949 1091 2980 cum

80 3006 183 3056 aliis
201 3012 281 3076 qui
299 3012 713 3075 supernaturalistae
730 3013 972 3074 dicuntur,
993 3015 1090 3079 qui-

81 3105 173 3153 que
200 3091 351 3140 adhuc
376 3094 698 3142 revelationem
726 3096 936 3143 retinent.

147 3171 210 3232 (l)
246 3171 319 3220 En
338 3208 353 3232 ‚
383 3175 495 3240 quid
522 3174 679 3238 mythi
705 3178 894 3224 nomine
922 3174 1089 3224 intelli-

77 3257 189 3312 gant
204 3256 419 3302 neoterici
436 3266 734 3319 protestantes
761 3259 1050 3307 rationalistae
1072 3275 1087 3307 ε

78 3328 277 3395 Mythus
301 3338 547 3398 generatim
566 3348 633 3386 est
651 3342 850 3388 narratio
876 3341 1088 3406 quaedam

79 3413 135 3460 ad
162 3416 526 3480 antiquissimam
557 3420 716 3484 populi
742 3432 820 3469 aut
857 3422 1089 3486 religionis

79 3494 273 3543 instituti
314 3499 553 3563 cujusdam
604 3501 843 3550 historiam
884 3506 1088 3551 maxime

79 3578 339 3638 pertinens,
373 3595 475 3645 quae
513 3580 584 3628 vel
623 3599 806 3646 prorsus
843 3584 950 3634 ficta
984 3595 1085 3645 est,

79 3656 1087 3732 velfactumaliquodautplacitumquoddam

1173 2442 1543 2509 philosophicum
1560 2443 1884 2492 additamentis
1899 2443 2017 2492 fictis
2031 2458 2083 2491 ac
2093 2441 2191 2508 ple-

1173 2541 1371 2590 rumque
1396 2525 1681 2573 miraculosis
1698 2535 1972 2574 exornatum
1986 2523 2187 2574 exhibet.

1172 2604 1469 2654 Imbeciliitas
1503 2606 1749 2655 hominum
1789 2607 2064 2666 radiorum,
2108 2608 2190 2671 qui

1170 2690 1447 2736 accuratiore
1467 2700 1621 2736 rerum
1637 2698 1813 2736 naturae
1828 2698 1873 2737 et
1890 2685 2191 2752 philosophiae

1170 2771 1429 2834 cognitione
1446 2770 1676 2829 destituti,
1695 2779 1739 2817 et
1757 2770 2003 2818 fervidiore
2028 2771 2191 2832 imagi-

1168 2851 1314 2899 nandi
1341 2853 1385 2899 vi
1418 2852 1543 2899 ducti
1562 2888 1575 2911 ‚
1594 2849 1830 2917 religionis
1850 2851 1976 2899 ideas
1997 2853 2095 2900 sine
2114 2853 2197 2898 in·-

1167 2933 1366 2981 volucris
1400 2933 1630 2981 historicis
1664 2943 1709 2982 et
1739 2933 2002 2999 symbolicis
2036 2950 2190 2999 neque

1166 3017 1254 3079 ipsi
1283 3017 1504 3080 capiunt,
1537 3032 1623 3063 nec
1648 3033 1755 3064 cum
1787 3016 1888 3064 aliis
1921 3017 2186 3064 communi-

1166 3114 1270 3145 care
1299 3097 1481 3157 valent,
1501 3108 1545 3146 et
1564 3098 1729 3146 modus
1751 3115 1829 3146 eas
1857 3115 1936 3163 per
1962 3097 2186 3145 traditio-

1166 3195 1275 3227 nem
1306 3181 1587 3245 propagandi
1608 3217 1620 3240 ‚
1642 3179 1826 3245 mythos
1847 3183 1956 3228 istos
1972 3215 1988 3242 ‚
2018 3180 2188 3246 quibus

1166 3263 1384 3309 omnium
1414 3262 1688 3326 religionum
1719 3263 1915 3326 origines
1944 3262 2188 3326 implicatae

1166 3353 1275 3390 sunt
1286 3379 1299 3398 ,
1316 3346 1560 3408 progenuit
1575 3335 1628 3391 ac
1644 3346 1918 3392 sustentavit
1935 3359 1950 3406 3
1967 3343 2200 3412 quemad--

1163 3423 1358 3472 'modum
1393 3423 1570 3489 reliqua
1609 3426 1822 3472 omnium
1861 3427 2068 3489 gentium
2110 3423 2188 3470 hi-

1168 3507 1303 3552 storia
1337 3507 1571 3571 antiquior
1600 3505 1777 3570 mythis
1811 3506 1973 3554 referta
2002 3515 2082 3554 est.
2116 3504 2187 3552 Ita

1165 3586 1510 3651 Wegscheider‚
1529 3604 1602 3652 op.
1620 3590 1698 3636 cit.
1719 3605 1821 3652 cap.
1844 3603 1860 3634 1
1876 3625 1888 3646 ‚
1908 3584 2006 3651 §8‚
2026 3604 2077 3635 n.
2099 3584 2183 3649 (b).

1167 3666 1377 3717 Niebuhr
1392 3704 1404 3727 ‚
1451 3668 1725 3718 Roemische
1772 3666 2047 3718 Geschiehte
2066 3702 2084 3730 ‚
2137 3668 2186 3715 id
