<?xml version="1.0" encoding="UTF-8"?>
<!DOCTYPE html PUBLIC "-//W3C//DTD XHTML 1.0 Transitional//EN"
    "http://www.w3.org/TR/xhtml1/DTD/xhtml1-transitional.dtd">
<html xmlns="http://www.w3.org/1999/xhtml" xml:lang="en" lang="en">
 <head>
  <title>
</title>
<meta http-equiv="Content-Type" content="text/html;charset=utf-8" />
  <meta name='ocr-system' content='tesseract 3.04.00' />
  <meta name='ocr-capabilities' content='ocr_page ocr_carea ocr_par ocr_line ocrx_word'/>
</head>
<body>
  <div class='ocr_page' id='page_1' title='image "a603693801perruoft_0321.png"; bbox 0 0 2554 4140; ppageno 0'>
   <div class='ocr_carea' id='block_1_1' title="bbox 367 150 2140 216">
    <p class='ocr_par' dir='ltr' id='par_1_1' title="bbox 367 150 2140 216">
     <span class='ocr_line' id='line_1_1' title="bbox 367 150 2140 216; baseline -0.002 -4"><span class='ocrx_word' id='word_1_1' title='bbox 367 177 514 214; x_wconf 67' lang='lat' dir='ltr'><strong>paor.</strong></span> <span class='ocrx_word' id='word_1_2' title='bbox 566 165 679 216; x_wconf 79' lang='lat' dir='ltr'><strong>viu.</strong></span> <span class='ocrx_word' id='word_1_3' title='bbox 726 180 792 214; x_wconf 71' lang='lat' dir='ltr'><strong>na</strong></span> <span class='ocrx_word' id='word_1_4' title='bbox 835 178 1049 215; x_wconf 71' lang='lat' dir='ltr'><strong>HAERer.</strong></span> <span class='ocrx_word' id='word_1_5' title='bbox 1098 179 1163 212; x_wconf 76' lang='lat' dir='ltr'><strong>Er</strong></span> <span class='ocrx_word' id='word_1_6' title='bbox 1207 171 1417 213; x_wconf 73' lang='lat' dir='ltr'><strong>SCHISM.</strong></span> <span class='ocrx_word' id='word_1_7' title='bbox 1470 175 1647 212; x_wconf 71' lang='lat' dir='ltr'><strong>nxTRA</strong></span> <span class='ocrx_word' id='word_1_8' title='bbox 1692 174 1846 212; x_wconf 81' lang='lat' dir='ltr'><strong>ECCI..</strong></span> <span class='ocrx_word' id='word_1_9' title='bbox 2021 150 2140 210; x_wconf 79' lang='lat'><strong>297</strong></span> 
     </span>
    </p>
   </div>
   <div class='ocr_carea' id='block_1_2' title="bbox 44 313 2195 2382">
    <p class='ocr_par' dir='ltr' id='par_1_2' title="bbox 49 313 2151 677">
     <span class='ocr_line' id='line_1_2' title="bbox 51 313 2149 400; baseline -0.002 -24"><span class='ocrx_word' id='word_1_10' title='bbox 51 338 239 400; x_wconf 87' lang='lat' dir='ltr'><strong>posse.</strong></span> <span class='ocrx_word' id='word_1_11' title='bbox 266 318 495 376; x_wconf 84' lang='lat' dir='ltr'><strong>Etenim</strong></span> <span class='ocrx_word' id='word_1_12' title='bbox 520 320 642 378; x_wconf 91' lang='lat' dir='ltr'><strong>sine</strong></span> <span class='ocrx_word' id='word_1_13' title='bbox 659 319 771 377; x_wconf 88' lang='lat' dir='ltr'><strong>fide</strong></span> <span class='ocrx_word' id='word_1_14' title='bbox 801 318 962 376; x_wconf 89' lang='lat' dir='ltr'><strong>nulla</strong></span> <span class='ocrx_word' id='word_1_15' title='bbox 983 337 1118 378; x_wconf 87' lang='lat' dir='ltr'><strong>vera</strong></span> <span class='ocrx_word' id='word_1_16' title='bbox 1143 314 1315 374; x_wconf 86' lang='lat' dir='ltr'><strong>datur</strong></span> <span class='ocrx_word' id='word_1_17' title='bbox 1338 316 1585 375; x_wconf 88' lang='lat' dir='ltr'><strong>charitas</strong></span> <span class='ocrx_word' id='word_1_18' title='bbox 1608 361 1622 390; x_wconf 71' lang='grc'><em>,</em></span> <span class='ocrx_word' id='word_1_19' title='bbox 1649 335 1774 397; x_wconf 86' lang='lat' dir='ltr'><strong>quae</strong></span> <span class='ocrx_word' id='word_1_20' title='bbox 1794 313 2149 374; x_wconf 84' lang='lat' dir='ltr'><strong>commisceri</strong></span> 
     </span>
     <span class='ocr_line' id='line_1_3' title="bbox 49 410 2150 490; baseline -0.002 -19"><span class='ocrx_word' id='word_1_21' title='bbox 49 435 168 471; x_wconf 88' lang='lat' dir='ltr'><strong>non</strong></span> <span class='ocrx_word' id='word_1_22' title='bbox 194 413 365 471; x_wconf 87' lang='lat' dir='ltr'><strong>debet</strong></span> <span class='ocrx_word' id='word_1_23' title='bbox 388 434 518 471; x_wconf 83' lang='lat' dir='ltr'><strong>cum</strong></span> <span class='ocrx_word' id='word_1_24' title='bbox 539 413 884 472; x_wconf 79' lang='lat' dir='ltr'>liberalitate</span> <span class='ocrx_word' id='word_1_25' title='bbox 906 457 922 485; x_wconf 69' lang='lat'><em>‚</em></span> <span class='ocrx_word' id='word_1_26' title='bbox 963 410 1206 468; x_wconf 84' lang='lat' dir='ltr'><strong>docente</strong></span> <span class='ocrx_word' id='word_1_27' title='bbox 1241 410 1513 490; x_wconf 88' lang='lat' dir='ltr'><strong>Apostolo</strong></span> <span class='ocrx_word' id='word_1_28' title='bbox 1547 433 1559 468; x_wconf 89' lang='lat'>:</span> <span class='ocrx_word' id='word_1_29' title='bbox 1594 410 1680 469; x_wconf 91' lang='lat' dir='ltr'><strong>Et</strong></span> <span class='ocrx_word' id='word_1_30' title='bbox 1703 415 1758 468; x_wconf 74' lang='lat' dir='ltr'><strong>si</strong></span> <span class='ocrx_word' id='word_1_31' title='bbox 1787 410 2150 468; x_wconf 74' lang='lat' dir='ltr'><em>distribuero</em></span> 
     </span>
     <span class='ocr_line' id='line_1_4' title="bbox 50 504 2151 586; baseline -0.001 -22"><span class='ocrx_word' id='word_1_32' title='bbox 50 512 117 565; x_wconf 76' lang='lat' dir='ltr'><strong>in</strong></span> <span class='ocrx_word' id='word_1_33' title='bbox 154 510 311 566; x_wconf 74' lang='lat' dir='ltr'><strong>cibos</strong></span> <span class='ocrx_word' id='word_1_34' title='bbox 338 530 683 586; x_wconf 73' lang='lat' dir='ltr'><strong>pauperum</strong></span> <span class='ocrx_word' id='word_1_35' title='bbox 715 528 908 565; x_wconf 73' lang='lat' dir='ltr'><strong>omnes</strong></span> <span class='ocrx_word' id='word_1_36' title='bbox 936 504 1256 582; x_wconf 74' lang='lat' dir='ltr'><em>facultates</em></span> <span class='ocrx_word' id='word_1_37' title='bbox 1291 524 1520 562; x_wconf 74' lang='lat' dir='ltr'><strong>meas...</strong></span> <span class='ocrx_word' id='word_1_38' title='bbox 1563 508 1918 562; x_wconf 78' lang='lat' dir='ltr'><strong>charitatem</strong></span> <span class='ocrx_word' id='word_1_39' title='bbox 1948 514 2151 562; x_wconf 82' lang='lat' dir='ltr'><strong>autem</strong></span> 
     </span>
     <span class='ocr_line' id='line_1_5' title="bbox 49 594 1740 677; baseline -0.002 -18"><span class='ocrx_word' id='word_1_40' title='bbox 49 624 165 660; x_wconf 70' lang='lat' dir='ltr'><strong>ozon</strong></span> <span class='ocrx_word' id='word_1_41' title='bbox 204 605 461 660; x_wconf 77' lang='lat' dir='ltr'><em>habuero</em></span> <span class='ocrx_word' id='word_1_42' title='bbox 481 646 499 674; x_wconf 80' lang='lat'><em>,</em></span> <span class='ocrx_word' id='word_1_43' title='bbox 531 603 689 659; x_wconf 68' lang='lat' dir='ltr'><strong>m&#39;lcz&#39;l</strong></span> <span class='ocrx_word' id='word_1_44' title='bbox 714 603 870 658; x_wconf 72' lang='lat' dir='ltr'><strong>mihi</strong></span> <span class='ocrx_word' id='word_1_45' title='bbox 889 597 1126 675; x_wconf 79' lang='lat' dir='ltr'><strong>prodest</strong></span> <span class='ocrx_word' id='word_1_46' title='bbox 1157 595 1218 672; x_wconf 75' lang='grc' dir='ltr'><strong>(Ι</strong></span> <span class='ocrx_word' id='word_1_47' title='bbox 1255 594 1388 652; x_wconf 87' lang='lat' dir='ltr'><strong>Cor.</strong></span> <span class='ocrx_word' id='word_1_48' title='bbox 1424 598 1591 670; x_wconf 87' lang='lat' dir='ltr'><strong>XIII,</strong></span> <span class='ocrx_word' id='word_1_49' title='bbox 1636 598 1740 677; x_wconf 86' lang='lat'><strong>3).</strong></span> 
     </span>
    </p>

    <p class='ocr_par' dir='ltr' id='par_1_3' title="bbox 46 688 2154 1247">
     <span class='ocr_line' id='line_1_6' title="bbox 125 688 2150 775; baseline -0.001 -22"><span class='ocrx_word' id='word_1_50' title='bbox 125 696 264 754; x_wconf 74' lang='lat'><strong>215.</strong></span> <span class='ocrx_word' id='word_1_51' title='bbox 309 695 440 773; x_wconf 89' lang='lat' dir='ltr'><strong>Obj.</strong></span> <span class='ocrx_word' id='word_1_52' title='bbox 482 707 705 775; x_wconf 80' lang='lat' dir='ltr'><strong>quarto,</strong></span> <span class='ocrx_word' id='word_1_53' title='bbox 736 693 931 751; x_wconf 88' lang='lat' dir='ltr'><strong>Plures</strong></span> <span class='ocrx_word' id='word_1_54' title='bbox 961 688 1261 748; x_wconf 86' lang='lat' dir='ltr'><strong>interdum</strong></span> <span class='ocrx_word' id='word_1_55' title='bbox 1295 689 1355 746; x_wconf 90' lang='lat' dir='ltr'><strong>in</strong></span> <span class='ocrx_word' id='word_1_56' title='bbox 1395 688 1703 748; x_wconf 82' lang='lat' dir='ltr'><em>schismate</em></span> <span class='ocrx_word' id='word_1_57' title='bbox 1744 692 2049 769; x_wconf 82' lang='lat' dir='ltr'><strong>vixerunt,</strong></span> <span class='ocrx_word' id='word_1_58' title='bbox 2087 692 2150 750; x_wconf 93' lang='lat' dir='ltr'><strong>in</strong></span> 
     </span>
     <span class='ocr_line' id='line_1_7' title="bbox 48 782 2149 869; baseline -0.001 -21"><span class='ocrx_word' id='word_1_59' title='bbox 48 811 227 869; x_wconf 89' lang='lat' dir='ltr'><strong>eoque</strong></span> <span class='ocrx_word' id='word_1_60' title='bbox 276 789 529 849; x_wconf 84' lang='lat' dir='ltr'><strong>defuncti</strong></span> <span class='ocrx_word' id='word_1_61' title='bbox 570 798 708 845; x_wconf 90' lang='lat' dir='ltr'><strong>sunt</strong></span> <span class='ocrx_word' id='word_1_62' title='bbox 731 830 747 859; x_wconf 72' lang='grc'><em>,</em></span> <span class='ocrx_word' id='word_1_63' title='bbox 798 805 907 843; x_wconf 83' lang='lat' dir='ltr'><strong>nec</strong></span> <span class='ocrx_word' id='word_1_64' title='bbox 950 795 1149 842; x_wconf 87' lang='lat' dir='ltr'><strong>tamen</strong></span> <span class='ocrx_word' id='word_1_65' title='bbox 1208 782 1279 841; x_wconf 93' lang='lat' dir='ltr'><strong>ab</strong></span> <span class='ocrx_word' id='word_1_66' title='bbox 1325 782 1573 841; x_wconf 83' lang='lat' dir='ltr'>Ecclesia</span> <span class='ocrx_word' id='word_1_67' title='bbox 1631 784 1843 843; x_wconf 82' lang='lat' dir='ltr'><strong>Christi</strong></span> <span class='ocrx_word' id='word_1_68' title='bbox 1891 799 2149 846; x_wconf 80' lang='lat' dir='ltr'><strong>extorres</strong></span> 
     </span>
     <span class='ocr_line' id='line_1_8' title="bbox 51 878 2148 961; baseline 0 -21"><span class='ocrx_word' id='word_1_69' title='bbox 51 883 235 942; x_wconf 84' lang='lat' dir='ltr'><strong>habiti</strong></span> <span class='ocrx_word' id='word_1_70' title='bbox 262 885 528 954; x_wconf 65' lang='lat' dir='ltr'><strong>fuerunt,</strong></span> <span class='ocrx_word' id='word_1_71' title='bbox 562 881 701 961; x_wconf 91' lang='lat' dir='ltr'><strong>quin</strong></span> <span class='ocrx_word' id='word_1_72' title='bbox 737 881 910 938; x_wconf 89' lang='lat' dir='ltr'><strong>etiam</strong></span> <span class='ocrx_word' id='word_1_73' title='bbox 943 878 1212 937; x_wconf 87' lang='lat' dir='ltr'><strong>nonnulli</strong></span> <span class='ocrx_word' id='word_1_74' title='bbox 1238 878 1301 936; x_wconf 90' lang='lat' dir='ltr'><strong>in</strong></span> <span class='ocrx_word' id='word_1_75' title='bbox 1333 881 1675 936; x_wconf 88' lang='lat' dir='ltr'><strong>Sanctorum</strong></span> <span class='ocrx_word' id='word_1_76' title='bbox 1713 878 1911 938; x_wconf 90' lang='lat' dir='ltr'><strong>album</strong></span> <span class='ocrx_word' id='word_1_77' title='bbox 1956 880 2148 940; x_wconf 86' lang='lat' dir='ltr'><strong>relati.</strong></span> 
     </span>
     <span class='ocr_line' id='line_1_9' title="bbox 50 972 2150 1056; baseline -0.001 -20"><span class='ocrx_word' id='word_1_78' title='bbox 50 978 214 1038; x_wconf 88' lang='lat' dir='ltr'><strong>Tales</strong></span> <span class='ocrx_word' id='word_1_79' title='bbox 248 979 482 1036; x_wconf 87' lang='lat' dir='ltr'><strong>fuerunt</strong></span> <span class='ocrx_word' id='word_1_80' title='bbox 507 975 698 1032; x_wconf 78' lang='lat' dir='ltr'><strong>Sancti</strong></span> <span class='ocrx_word' id='word_1_81' title='bbox 723 974 988 1033; x_wconf 89' lang='lat' dir='ltr'><strong>Meletius</strong></span> <span class='ocrx_word' id='word_1_82' title='bbox 1023 984 1079 1032; x_wconf 90' lang='lat' dir='ltr'><strong>et</strong></span> <span class='ocrx_word' id='word_1_83' title='bbox 1119 972 1389 1031; x_wconf 85' lang='lat' dir='ltr'><strong>Paulinus</strong></span> <span class='ocrx_word' id='word_1_84' title='bbox 1422 972 1810 1032; x_wconf 83' lang='lat' dir='ltr'><strong>Anthiocheni</strong></span> <span class='ocrx_word' id='word_1_85' title='bbox 1839 975 2150 1056; x_wconf 82' lang='lat' dir='ltr'><strong>Episcopi,</strong></span> 
     </span>
     <span class='ocr_line' id='line_1_10' title="bbox 46 1068 2154 1150; baseline -0.001 -19"><span class='ocrx_word' id='word_1_86' title='bbox 46 1072 177 1131; x_wconf 90' lang='lat' dir='ltr'><strong>talis</strong></span> <span class='ocrx_word' id='word_1_87' title='bbox 197 1071 417 1131; x_wconf 85' lang='lat' dir='ltr'><strong>Lucifer</strong></span> <span class='ocrx_word' id='word_1_88' title='bbox 441 1069 795 1128; x_wconf 88' lang='lat' dir='ltr'><strong>Calaritanus</strong></span> <span class='ocrx_word' id='word_1_89' title='bbox 818 1115 834 1143; x_wconf 81' lang='lat'><strong>.,</strong></span> <span class='ocrx_word' id='word_1_90' title='bbox 860 1068 1061 1150; x_wconf 87' lang='lat' dir='ltr'><strong>plures</strong></span> <span class='ocrx_word' id='word_1_91' title='bbox 1087 1090 1157 1127; x_wconf 83' lang='lat' dir='ltr'><strong>ex</strong></span> <span class='ocrx_word' id='word_1_92' title='bbox 1179 1069 1246 1126; x_wconf 89' lang='lat' dir='ltr'><strong>iis</strong></span> <span class='ocrx_word' id='word_1_93' title='bbox 1264 1111 1280 1141; x_wconf 91' lang='lat'>,</span> <span class='ocrx_word' id='word_1_94' title='bbox 1307 1069 1405 1149; x_wconf 90' lang='lat' dir='ltr'><strong>qui</strong></span> <span class='ocrx_word' id='word_1_95' title='bbox 1429 1068 1613 1127; x_wconf 86' lang='lat' dir='ltr'><strong>Aeacii</strong></span> <span class='ocrx_word' id='word_1_96' title='bbox 1635 1069 1935 1128; x_wconf 84' lang='lat' dir='ltr'><strong>schismati</strong></span> <span class='ocrx_word' id='word_1_97' title='bbox 1964 1069 2154 1129; x_wconf 84' lang='lat' dir='ltr'><strong>adhae-</strong></span> 
     </span>
     <span class='ocr_line' id='line_1_11' title="bbox 46 1161 475 1247; baseline -0.005 -22"><span class='ocrx_word' id='word_1_98' title='bbox 46 1161 277 1239; x_wconf 79' lang='lat' dir='ltr'><strong>serunt3</strong></span> <span class='ocrx_word' id='word_1_99' title='bbox 320 1188 475 1247; x_wconf 87' lang='lat' dir='ltr'><strong>ergo.</strong></span> 
     </span>
    </p>

    <p class='ocr_par' dir='ltr' id='par_1_4' title="bbox 44 1256 2195 2382">
     <span class='ocr_line' id='line_1_12' title="bbox 124 1256 2152 1340; baseline 0 -22"><span class='ocrx_word' id='word_1_100' title='bbox 124 1261 264 1318; x_wconf 78' lang='lat'><strong>216.</strong></span> <span class='ocrx_word' id='word_1_101' title='bbox 309 1263 482 1340; x_wconf 90' lang='lat' dir='ltr'><strong>Resp.</strong></span> <span class='ocrx_word' id='word_1_102' title='bbox 511 1261 667 1319; x_wconf 74' lang='lat' dir='ltr'><strong>Dist.</strong></span> <span class='ocrx_word' id='word_1_103' title='bbox 708 1269 895 1317; x_wconf 84' lang='lat' dir='ltr'><strong>antec.</strong></span> <span class='ocrx_word' id='word_1_104' title='bbox 938 1257 1137 1318; x_wconf 90' lang='lat' dir='ltr'><strong>Plures</strong></span> <span class='ocrx_word' id='word_1_105' title='bbox 1160 1302 1175 1332; x_wconf 73' lang='grc'><em>,</em></span> <span class='ocrx_word' id='word_1_106' title='bbox 1217 1256 1369 1316; x_wconf 90' lang='lat' dir='ltr'><strong>bona</strong></span> <span class='ocrx_word' id='word_1_107' title='bbox 1409 1257 1522 1316; x_wconf 88' lang='lat' dir='ltr'><strong>fide</strong></span> <span class='ocrx_word' id='word_1_108' title='bbox 1544 1303 1559 1332; x_wconf 80' lang='grc'><em>,</em></span> <span class='ocrx_word' id='word_1_109' title='bbox 1591 1269 1766 1339; x_wconf 89' lang='lat' dir='ltr'><strong>atque</strong></span> <span class='ocrx_word' id='word_1_110' title='bbox 1794 1258 1857 1317; x_wconf 93' lang='lat' dir='ltr'><strong>in</strong></span> <span class='ocrx_word' id='word_1_111' title='bbox 1880 1258 2055 1318; x_wconf 88' lang='lat' dir='ltr'><strong>dubio</strong></span> <span class='ocrx_word' id='word_1_112' title='bbox 2079 1259 2152 1320; x_wconf 89' lang='lat' dir='ltr'><strong>de</strong></span> 
     </span>
     <span class='ocr_line' id='line_1_13' title="bbox 48 1352 2153 1435; baseline -0 -20"><span class='ocrx_word' id='word_1_113' title='bbox 48 1377 184 1415; x_wconf 90' lang='lat' dir='ltr'><strong>vero</strong></span> <span class='ocrx_word' id='word_1_114' title='bbox 221 1376 284 1413; x_wconf 92' lang='lat' dir='ltr'><strong>ac</strong></span> <span class='ocrx_word' id='word_1_115' title='bbox 307 1355 563 1433; x_wconf 81' lang='lat' dir='ltr'><strong>legitimo</strong></span> <span class='ocrx_word' id='word_1_116' title='bbox 588 1354 869 1435; x_wconf 90' lang='lat' dir='ltr'><strong>Episcopo</strong></span> <span class='ocrx_word' id='word_1_117' title='bbox 905 1352 999 1414; x_wconf 90' lang='lat' dir='ltr'><strong>vel</strong></span> <span class='ocrx_word' id='word_1_118' title='bbox 1034 1354 1346 1426; x_wconf 73' lang='lat' dir='ltr'><strong>Pontifice‚</strong></span> <span class='ocrx_word' id='word_1_119' title='bbox 1384 1372 1575 1420; x_wconf 82' lang='lat' dir='ltr'><strong>conc.;</strong></span> <span class='ocrx_word' id='word_1_120' title='bbox 1604 1352 1743 1411; x_wconf 90' lang='lat' dir='ltr'><strong>alias</strong></span> <span class='ocrx_word' id='word_1_121' title='bbox 1765 1398 1780 1427; x_wconf 73' lang='lat'><strong>⁷</strong></span> <span class='ocrx_word' id='word_1_122' title='bbox 1818 1375 1946 1433; x_wconf 67' lang='lat' dir='ltr'><strong>neq.</strong></span> <span class='ocrx_word' id='word_1_123' title='bbox 1988 1354 2153 1414; x_wconf 89' lang='lat' dir='ltr'><strong>Idem</strong></span> 
     </span>
     <span class='ocr_line' id='line_1_14' title="bbox 47 1444 2154 1527; baseline -0.001 -18"><span class='ocrx_word' id='word_1_124' title='bbox 47 1451 203 1509; x_wconf 89' lang='lat' dir='ltr'><strong>enim</strong></span> <span class='ocrx_word' id='word_1_125' title='bbox 238 1449 546 1508; x_wconf 87' lang='lat' dir='ltr'><strong>dicendum</strong></span> <span class='ocrx_word' id='word_1_126' title='bbox 571 1459 658 1507; x_wconf 91' lang='lat' dir='ltr'><strong>est</strong></span> <span class='ocrx_word' id='word_1_127' title='bbox 687 1447 759 1506; x_wconf 87' lang='lat' dir='ltr'><strong>de</strong></span> <span class='ocrx_word' id='word_1_128' title='bbox 787 1445 1190 1505; x_wconf 87' lang='lat' dir='ltr'><strong>schismatibus</strong></span> <span class='ocrx_word' id='word_1_129' title='bbox 1221 1444 1558 1527; x_wconf 89' lang='lat' dir='ltr'><strong>partialibus</strong></span> <span class='ocrx_word' id='word_1_130' title='bbox 1583 1446 1739 1527; x_wconf 86' lang='lat' dir='ltr'><strong>quod</strong></span> <span class='ocrx_word' id='word_1_131' title='bbox 1763 1447 1837 1505; x_wconf 87' lang='lat' dir='ltr'><strong>de</strong></span> <span class='ocrx_word' id='word_1_132' title='bbox 1864 1449 2154 1527; x_wconf 80' lang='lat' dir='ltr'><strong>generali-</strong></span> 
     </span>
     <span class='ocr_line' id='line_1_15' title="bbox 46 1539 2152 1626; baseline -0 -23"><span class='ocrx_word' id='word_1_133' title='bbox 46 1545 155 1603; x_wconf 87' lang='lat' dir='ltr'><strong>bus</strong></span> <span class='ocrx_word' id='word_1_134' title='bbox 179 1543 410 1626; x_wconf 86' lang='lat' dir='ltr'><strong>quando</strong></span> <span class='ocrx_word' id='word_1_135' title='bbox 429 1543 642 1602; x_wconf 86' lang='lat' dir='ltr'><strong>scilicet</strong></span> <span class='ocrx_word' id='word_1_136' title='bbox 668 1542 928 1600; x_wconf 83' lang='lat' dir='ltr'><strong>Pontifex</strong></span> <span class='ocrx_word' id='word_1_137' title='bbox 947 1552 1035 1599; x_wconf 91' lang='lat' dir='ltr'><strong>est</strong></span> <span class='ocrx_word' id='word_1_138' title='bbox 1057 1539 1295 1616; x_wconf 82' lang='lat' dir='ltr'><strong>dubiuS,</strong></span> <span class='ocrx_word' id='word_1_139' title='bbox 1319 1550 1385 1597; x_wconf 87' lang='lat' dir='ltr'><strong>ut</strong></span> <span class='ocrx_word' id='word_1_140' title='bbox 1406 1561 1579 1621; x_wconf 88' lang='lat' dir='ltr'><strong>supra</strong></span> <span class='ocrx_word' id='word_1_141' title='bbox 1602 1541 1953 1601; x_wconf 81' lang='lat' dir='ltr'><strong>notavimuS.</strong></span> <span class='ocrx_word' id='word_1_142' title='bbox 1976 1542 2152 1602; x_wconf 92' lang='lat' dir='ltr'><strong>Mele-</strong></span> 
     </span>
     <span class='ocr_line' id='line_1_16' title="bbox 48 1635 2195 1719; baseline -0.001 -22"><span class='ocrx_word' id='word_1_143' title='bbox 48 1641 157 1697; x_wconf 83' lang='lat' dir='ltr'><strong>tius</strong></span> <span class='ocrx_word' id='word_1_144' title='bbox 174 1660 344 1719; x_wconf 90' lang='lat' dir='ltr'><strong>porro</strong></span> <span class='ocrx_word' id='word_1_145' title='bbox 361 1649 418 1696; x_wconf 90' lang='lat' dir='ltr'><strong>et</strong></span> <span class='ocrx_word' id='word_1_146' title='bbox 434 1637 707 1696; x_wconf 88' lang='lat' dir='ltr'><strong>Paulinus</strong></span> <span class='ocrx_word' id='word_1_147' title='bbox 732 1636 842 1696; x_wconf 86' lang='lat' dir='ltr'><strong>viri</strong></span> <span class='ocrx_word' id='word_1_148' title='bbox 866 1635 1048 1693; x_wconf 90' lang='lat' dir='ltr'><strong>sancti</strong></span> <span class='ocrx_word' id='word_1_149' title='bbox 1075 1646 1242 1693; x_wconf 88' lang='lat' dir='ltr'><strong>erant</strong></span> <span class='ocrx_word' id='word_1_150' title='bbox 1261 1680 1276 1709; x_wconf 78' lang='lat'><strong>.,</strong></span> <span class='ocrx_word' id='word_1_151' title='bbox 1305 1645 1362 1693; x_wconf 89' lang='lat' dir='ltr'><strong>et</strong></span> <span class='ocrx_word' id='word_1_152' title='bbox 1387 1646 1639 1715; x_wconf 87' lang='lat' dir='ltr'><strong>uterque</strong></span> <span class='ocrx_word' id='word_1_153' title='bbox 1656 1635 2148 1709; x_wconf 81' lang='lat' dir='ltr'><strong>communicabat,</strong></span> <span class='ocrx_word' id='word_1_154' title='bbox 2193 1684 2195 1687; x_wconf 22' lang='lat' dir='ltr'>v</span> 
     </span>
     <span class='ocr_line' id='line_1_17' title="bbox 47 1728 2153 1806; baseline -0.001 -14"><span class='ocrx_word' id='word_1_155' title='bbox 47 1734 250 1792; x_wconf 87' lang='lat' dir='ltr'><strong>saltem</strong></span> <span class='ocrx_word' id='word_1_156' title='bbox 280 1732 529 1791; x_wconf 84' lang='lat' dir='ltr'><strong>mediate</strong></span> <span class='ocrx_word' id='word_1_157' title='bbox 555 1777 571 1806; x_wconf 73' lang='lat'>‚</span> <span class='ocrx_word' id='word_1_158' title='bbox 609 1753 737 1790; x_wconf 86' lang='lat' dir='ltr'><strong>cum</strong></span> <span class='ocrx_word' id='word_1_159' title='bbox 788 1731 1058 1789; x_wconf 88' lang='lat' dir='ltr'><strong>universa</strong></span> <span class='ocrx_word' id='word_1_160' title='bbox 1093 1728 1360 1788; x_wconf 88' lang='lat' dir='ltr'><strong>Ecclesia.</strong></span> <span class='ocrx_word' id='word_1_161' title='bbox 1391 1729 1617 1788; x_wconf 89' lang='lat' dir='ltr'><strong>Lucifer</strong></span> <span class='ocrx_word' id='word_1_162' title='bbox 1652 1729 2012 1789; x_wconf 88' lang='lat' dir='ltr'><strong>Calaritanus</strong></span> <span class='ocrx_word' id='word_1_163' title='bbox 2061 1731 2153 1792; x_wconf 91' lang='lat' dir='ltr'><strong>vel</strong></span> 
     </span>
     <span class='ocr_line' id='line_1_18' title="bbox 50 1825 2150 1904; baseline -0.001 -18"><span class='ocrx_word' id='word_1_164' title='bbox 50 1830 108 1886; x_wconf 90' lang='lat' dir='ltr'><strong>in</strong></span> <span class='ocrx_word' id='word_1_165' title='bbox 147 1831 369 1886; x_wconf 86' lang='lat' dir='ltr'><strong>unitate</strong></span> <span class='ocrx_word' id='word_1_166' title='bbox 402 1827 662 1885; x_wconf 80' lang='lat' dir='ltr'><strong>Ecclesiae</strong></span> <span class='ocrx_word' id='word_1_167' title='bbox 703 1828 1009 1884; x_wconf 87' lang='lat' dir='ltr'><strong>defunctus</strong></span> <span class='ocrx_word' id='word_1_168' title='bbox 1045 1846 1164 1882; x_wconf 89' lang='lat' dir='ltr'><strong>non</strong></span> <span class='ocrx_word' id='word_1_169' title='bbox 1202 1835 1290 1883; x_wconf 90' lang='lat' dir='ltr'><strong>est</strong></span> <span class='ocrx_word' id='word_1_170' title='bbox 1314 1869 1329 1898; x_wconf 81' lang='grc'><strong>.,</strong></span> <span class='ocrx_word' id='word_1_171' title='bbox 1370 1845 1560 1904; x_wconf 88' lang='lat' dir='ltr'><strong>neque</strong></span> <span class='ocrx_word' id='word_1_172' title='bbox 1602 1827 1758 1882; x_wconf 90' lang='lat' dir='ltr'><strong>inter</strong></span> <span class='ocrx_word' id='word_1_173' title='bbox 1798 1827 2034 1883; x_wconf 90' lang='lat' dir='ltr'><strong>Sanctos</strong></span> <span class='ocrx_word' id='word_1_174' title='bbox 2077 1825 2150 1884; x_wconf 90' lang='lat' dir='ltr'><strong>ab</strong></span> 
     </span>
     <span class='ocr_line' id='line_1_19' title="bbox 50 1917 2154 1998; baseline -0 -18"><span class='ocrx_word' id='word_1_175' title='bbox 50 1923 290 1981; x_wconf 87' lang='lat' dir='ltr'><strong>Ecclesia</strong></span> <span class='ocrx_word' id='word_1_176' title='bbox 317 1921 629 1981; x_wconf 89' lang='lat' dir='ltr'><strong>universali</strong></span> <span class='ocrx_word' id='word_1_177' title='bbox 657 1932 1024 1992; x_wconf 71' lang='lat' dir='ltr'><strong>recensetur,</strong></span> <span class='ocrx_word' id='word_1_178' title='bbox 1054 1919 1146 1977; x_wconf 89' lang='lat' dir='ltr'><strong>vel</strong></span> <span class='ocrx_word' id='word_1_179' title='bbox 1170 1917 1374 1976; x_wconf 86' lang='lat' dir='ltr'><strong>saltem</strong></span> <span class='ocrx_word' id='word_1_180' title='bbox 1406 1927 1541 1976; x_wconf 84' lang='lat' dir='ltr'><strong>‘eum</strong></span> <span class='ocrx_word' id='word_1_181' title='bbox 1571 1929 1707 1977; x_wconf 87' lang='lat' dir='ltr'><strong>ante</strong></span> <span class='ocrx_word' id='word_1_182' title='bbox 1743 1931 1993 1978; x_wconf 89' lang='lat' dir='ltr'><strong>mortem</strong></span> <span class='ocrx_word' id='word_1_183' title='bbox 2022 1941 2154 1998; x_wconf 80' lang='lat' dir='ltr'><strong>poe·</strong></span> 
     </span>
     <span class='ocr_line' id='line_1_20' title="bbox 46 2013 2149 2097; baseline -0.001 -23"><span class='ocrx_word' id='word_1_184' title='bbox 46 2019 257 2091; x_wconf 69' lang='lat' dir='ltr'><strong>nituit,</strong></span> <span class='ocrx_word' id='word_1_185' title='bbox 298 2028 361 2074; x_wconf 91' lang='lat' dir='ltr'><strong>ut</strong></span> <span class='ocrx_word' id='word_1_186' title='bbox 386 2017 561 2097; x_wconf 88' lang='lat' dir='ltr'><strong>aliqui</strong></span> <span class='ocrx_word' id='word_1_187' title='bbox 583 2015 791 2075; x_wconf 90' lang='lat' dir='ltr'><strong>volunt</strong></span> <span class='ocrx_word' id='word_1_188' title='bbox 819 2016 926 2094; x_wconf 91' lang='lat' dir='ltr'><strong>(l).</strong></span> <span class='ocrx_word' id='word_1_189' title='bbox 957 2013 1106 2072; x_wconf 89' lang='lat' dir='ltr'><strong>Nulli</strong></span> <span class='ocrx_word' id='word_1_190' title='bbox 1143 2014 1363 2094; x_wconf 88' lang='lat' dir='ltr'><strong>pariter</strong></span> <span class='ocrx_word' id='word_1_191' title='bbox 1385 2035 1456 2071; x_wconf 80' lang='lat' dir='ltr'><strong>ex</strong></span> <span class='ocrx_word' id='word_1_192' title='bbox 1478 2014 1579 2088; x_wconf 82' lang='lat' dir='ltr'><strong>iis,</strong></span> <span class='ocrx_word' id='word_1_193' title='bbox 1620 2015 1717 2094; x_wconf 85' lang='lat' dir='ltr'><strong>qui</strong></span> <span class='ocrx_word' id='word_1_194' title='bbox 1752 2015 1933 2072; x_wconf 85' lang='lat' dir='ltr'><strong>Aeacii</strong></span> <span class='ocrx_word' id='word_1_195' title='bbox 1965 2014 2149 2073; x_wconf 88' lang='lat' dir='ltr'><strong>schis-</strong></span> 
     </span>
     <span class='ocr_line' id='line_1_21' title="bbox 51 2107 2151 2189; baseline -0.001 -20"><span class='ocrx_word' id='word_1_196' title='bbox 51 2113 190 2170; x_wconf 84' lang='lat' dir='ltr'><strong>mati</strong></span> <span class='ocrx_word' id='word_1_197' title='bbox 214 2111 583 2169; x_wconf 80' lang='lat' dir='ltr'><strong>adhaeserunt</strong></span> <span class='ocrx_word' id='word_1_198' title='bbox 605 2112 757 2168; x_wconf 88' lang='lat' dir='ltr'><strong>inter</strong></span> <span class='ocrx_word' id='word_1_199' title='bbox 779 2113 1015 2167; x_wconf 90' lang='lat' dir='ltr'><strong>Sanctos</strong></span> <span class='ocrx_word' id='word_1_200' title='bbox 1043 2107 1209 2166; x_wconf 82' lang='lat' dir='ltr'><strong>relati</strong></span> <span class='ocrx_word' id='word_1_201' title='bbox 1233 2109 1390 2166; x_wconf 87' lang='lat' dir='ltr'><strong>fuere</strong></span> <span class='ocrx_word' id='word_1_202' title='bbox 1413 2153 1427 2182; x_wconf 62' lang='lat' dir='ltr'>a</span> <span class='ocrx_word' id='word_1_203' title='bbox 1465 2109 1607 2189; x_wconf 89' lang='lat' dir='ltr'><strong>quin</strong></span> <span class='ocrx_word' id='word_1_204' title='bbox 1633 2109 1825 2188; x_wconf 91' lang='lat' dir='ltr'><strong>potius</strong></span> <span class='ocrx_word' id='word_1_205' title='bbox 1846 2108 2151 2189; x_wconf 87' lang='lat' dir='ltr'><strong>Euphemii</strong></span> 
     </span>
     <span class='ocr_line' id='line_1_22' title="bbox 49 2203 2152 2285; baseline -0.001 -20"><span class='ocrx_word' id='word_1_206' title='bbox 49 2219 108 2265; x_wconf 87' lang='lat' dir='ltr'><strong>et</strong></span> <span class='ocrx_word' id='word_1_207' title='bbox 141 2206 460 2265; x_wconf 86' lang='lat' dir='ltr'><strong>Macedonii</strong></span> <span class='ocrx_word' id='word_1_208' title='bbox 485 2203 1260 2285; x_wconf 84' lang='lat' dir='ltr'><strong>Constantinopolitanorum</strong></span> <span class='ocrx_word' id='word_1_209' title='bbox 1293 2203 1632 2261; x_wconf 81' lang='lat' dir='ltr'><strong>Antistitum</strong></span> <span class='ocrx_word' id='word_1_210' title='bbox 1662 2203 1899 2261; x_wconf 89' lang='lat' dir='ltr'><strong>nomina</strong></span> <span class='ocrx_word' id='word_1_211' title='bbox 1925 2223 1956 2261; x_wconf 88' lang='lat' dir='ltr'><strong>e</strong></span> <span class='ocrx_word' id='word_1_212' title='bbox 1980 2205 2152 2263; x_wconf 85' lang='lat' dir='ltr'><strong>sacris</strong></span> 
     </span>
     <span class='ocr_line' id='line_1_23' title="bbox 44 2297 2151 2382; baseline 0 -25"><span class='ocrx_word' id='word_1_213' title='bbox 44 2301 286 2381; x_wconf 85' lang='lat' dir='ltr'><strong>dypticis</strong></span> <span class='ocrx_word' id='word_1_214' title='bbox 325 2312 611 2382; x_wconf 84' lang='lat' dir='ltr'><strong>expuncta</strong></span> <span class='ocrx_word' id='word_1_215' title='bbox 647 2311 819 2374; x_wconf 79' lang='lat' dir='ltr'><strong>sunt,</strong></span> <span class='ocrx_word' id='word_1_216' title='bbox 858 2320 924 2358; x_wconf 91' lang='lat' dir='ltr'><strong>eo</strong></span> <span class='ocrx_word' id='word_1_217' title='bbox 963 2297 1118 2379; x_wconf 89' lang='lat' dir='ltr'><strong>quod</strong></span> <span class='ocrx_word' id='word_1_218' title='bbox 1159 2297 1340 2355; x_wconf 83' lang='lat' dir='ltr'><strong>Aeacii</strong></span> <span class='ocrx_word' id='word_1_219' title='bbox 1376 2318 1591 2356; x_wconf 89' lang='lat' dir='ltr'><strong>nomen</strong></span> <span class='ocrx_word' id='word_1_220' title='bbox 1621 2298 1685 2355; x_wconf 89' lang='lat' dir='ltr'><strong>in</strong></span> <span class='ocrx_word' id='word_1_221' title='bbox 1726 2297 1967 2378; x_wconf 82' lang='lat' dir='ltr'><strong>dyptitis</strong></span> <span class='ocrx_word' id='word_1_222' title='bbox 2003 2299 2151 2358; x_wconf 72' lang='lat' dir='ltr'><strong>reti-</strong></span> 
     </span>
    </p>
   </div>
   <div class='ocr_carea' id='block_1_3' title="bbox 42 2395 1357 2668">
    <p class='ocr_par' dir='ltr' id='par_1_5' title="bbox 42 2395 1357 2668">
     <span class='ocr_line' id='line_1_24' title="bbox 42 2395 400 2476; baseline 0 -23"><span class='ocrx_word' id='word_1_223' title='bbox 42 2395 263 2455; x_wconf 87' lang='lat' dir='ltr'><strong>nebant</strong></span> <span class='ocrx_word' id='word_1_224' title='bbox 292 2396 400 2476; x_wconf 77' lang='lat'><strong>(2)</strong></span> 
     </span>
     <span class='ocr_line' id='line_1_25' title="bbox 822 2614 1357 2668; baseline -0.007 0"><span class='ocrx_word' id='word_1_225' title='bbox 822 2614 1223 2668; x_wconf 84' lang='lat' dir='ltr'><strong>PROPOSITIO</strong></span> <span class='ocrx_word' id='word_1_226' title='bbox 1264 2614 1357 2665; x_wconf 87' lang='lat' dir='ltr'><strong>IX.</strong></span> 
     </span>
    </p>
   </div>
   <div class='ocr_carea' id='block_1_4' title="bbox 47 2811 2143 2900">
    <p class='ocr_par' dir='ltr' id='par_1_6' title="bbox 47 2811 2143 2900">
     <span class='ocr_line' id='line_1_26' title="bbox 47 2811 2143 2900; baseline 0 -20"><span class='ocrx_word' id='word_1_227' title='bbox 47 2824 529 2883; x_wconf 75' lang='lat' dir='ltr'><strong>Protestantz‘smi</strong></span> <span class='ocrx_word' id='word_1_228' title='bbox 546 2825 707 2900; x_wconf 66' lang='lat' dir='ltr'><strong><em>02⁴2qu</em></strong></span> <span class='ocrx_word' id='word_1_229' title='bbox 732 2842 803 2879; x_wconf 89' lang='lat' dir='ltr'><strong>ac</strong></span> <span class='ocrx_word' id='word_1_230' title='bbox 829 2826 1019 2896; x_wconf 52' lang='lat' dir='ltr'><em>vaje&amp;</em></span> <span class='ocrx_word' id='word_1_231' title='bbox 1043 2811 1260 2898; x_wconf 66' lang='lat' dir='ltr'><strong>phasea</strong></span> <span class='ocrx_word' id='word_1_232' title='bbox 1287 2822 1480 2898; x_wconf 74' lang='lat' dir='ltr'><strong>ipsius</strong></span> <span class='ocrx_word' id='word_1_233' title='bbox 1503 2829 1771 2897; x_wconf 66' lang='lat' dir='ltr'><strong>arguunt</strong></span> <span class='ocrx_word' id='word_1_234' title='bbox 1794 2822 2143 2898; x_wconf 71' lang='lat' dir='ltr'><strong>falsitatem.</strong></span> 
     </span>
    </p>
   </div>
   <div class='ocr_carea' id='block_1_5' title="bbox 45 3049 2143 3230">
    <p class='ocr_par' dir='ltr' id='par_1_7' title="bbox 45 3049 2143 3230">
     <span class='ocr_line' id='line_1_27' title="bbox 124 3049 2143 3136; baseline 0 -23"><span class='ocrx_word' id='word_1_235' title='bbox 124 3056 263 3113; x_wconf 72' lang='lat'><strong>217.</strong></span> <span class='ocrx_word' id='word_1_236' title='bbox 294 3054 505 3113; x_wconf 88' lang='lat' dir='ltr'><strong>Eadem</strong></span> <span class='ocrx_word' id='word_1_237' title='bbox 525 3075 738 3135; x_wconf 89' lang='lat' dir='ltr'><strong>nempe</strong></span> <span class='ocrx_word' id='word_1_238' title='bbox 751 3054 972 3111; x_wconf 88' lang='lat' dir='ltr'><strong>ratione</strong></span> <span class='ocrx_word' id='word_1_239' title='bbox 994 3097 1008 3126; x_wconf 76' lang='lat'><strong>.,</strong></span> <span class='ocrx_word' id='word_1_240' title='bbox 1037 3074 1151 3134; x_wconf 89' lang='lat' dir='ltr'><strong>qua</strong></span> <span class='ocrx_word' id='word_1_241' title='bbox 1175 3052 1361 3131; x_wconf 83' lang='lat' dir='ltr'><strong>origo,</strong></span> <span class='ocrx_word' id='word_1_242' title='bbox 1389 3049 1670 3109; x_wconf 84' lang='lat' dir='ltr'><strong>stabilitas</strong></span> <span class='ocrx_word' id='word_1_243' title='bbox 1692 3072 1757 3110; x_wconf 89' lang='lat' dir='ltr'><strong>ac</strong></span> <span class='ocrx_word' id='word_1_244' title='bbox 1783 3055 2143 3136; x_wconf 88' lang='lat' dir='ltr'><strong>perpetuitas</strong></span> 
     </span>
     <span class='ocr_line' id='line_1_28' title="bbox 45 3146 2142 3230; baseline 0.001 -23"><span class='ocrx_word' id='word_1_245' title='bbox 45 3149 302 3208; x_wconf 68' lang='lat' dir='ltr'><strong>Ecclesiae</strong></span> <span class='ocrx_word' id='word_1_246' title='bbox 324 3148 638 3223; x_wconf 68' lang='lat' dir='ltr'><strong>catholicae,</strong></span> <span class='ocrx_word' id='word_1_247' title='bbox 665 3160 839 3230; x_wconf 88' lang='lat' dir='ltr'><strong>prout</strong></span> <span class='ocrx_word' id='word_1_248' title='bbox 867 3148 1126 3229; x_wconf 87' lang='lat' dir='ltr'><strong>superius</strong></span> <span class='ocrx_word' id='word_1_249' title='bbox 1157 3146 1683 3206; x_wconf 79' lang='lat' dir='ltr'><strong>demonstravimus</strong></span> <span class='ocrx_word' id='word_1_250' title='bbox 1709 3146 1821 3226; x_wconf 69' lang='lat'>(3),</span> <span class='ocrx_word' id='word_1_251' title='bbox 1848 3153 1968 3226; x_wconf 87' lang='lat' dir='ltr'><strong>ejus</strong></span> <span class='ocrx_word' id='word_1_252' title='bbox 1992 3149 2142 3211; x_wconf 85' lang='lat' dir='ltr'><strong>divi-</strong></span> 
     </span>
    </p>
   </div>
   <div class='ocr_carea' id='block_1_6' title="bbox 40 3375 2141 3608">
    <p class='ocr_par' dir='ltr' id='par_1_8' title="bbox 40 3375 2141 3608">
     <span class='ocr_line' id='line_1_29' title="bbox 106 3375 2141 3445; baseline 0.002 -19"><span class='ocrx_word' id='word_1_253' title='bbox 106 3381 171 3443; x_wconf 89' lang='lat' dir='ltr'><strong>(l)</strong></span> <span class='ocrx_word' id='word_1_254' title='bbox 210 3380 318 3429; x_wconf 89' lang='lat' dir='ltr'><strong>Vid.</strong></span> <span class='ocrx_word' id='word_1_255' title='bbox 366 3380 468 3429; x_wconf 87' lang='lat' dir='ltr'><strong>Nat.</strong></span> <span class='ocrx_word' id='word_1_256' title='bbox 516 3382 646 3430; x_wconf 85' lang='lat' dir='ltr'><strong>Alex.</strong></span> <span class='ocrx_word' id='word_1_257' title='bbox 693 3381 834 3430; x_wconf 76' lang='lat' dir='ltr'><strong>Hist.</strong></span> <span class='ocrx_word' id='word_1_258' title='bbox 880 3379 1042 3428; x_wconf 76' lang='lat' dir='ltr'><strong>eccles.</strong></span> <span class='ocrx_word' id='word_1_259' title='bbox 1125 3382 1177 3427; x_wconf 89' lang='lat' dir='ltr'><strong>in</strong></span> <span class='ocrx_word' id='word_1_260' title='bbox 1201 3379 1453 3443; x_wconf 81' lang='lat' dir='ltr'><strong>appendice</strong></span> <span class='ocrx_word' id='word_1_261' title='bbox 1483 3375 1598 3443; x_wconf 80' lang='lat' dir='ltr'><strong>ad§</strong></span> <span class='ocrx_word' id='word_1_262' title='bbox 1637 3393 1654 3424; x_wconf 90' lang='lat'>1</span> <span class='ocrx_word' id='word_1_263' title='bbox 1687 3414 1700 3436; x_wconf 90' lang='lat'>‚</span> <span class='ocrx_word' id='word_1_264' title='bbox 1740 3394 1841 3443; x_wconf 83' lang='lat' dir='ltr'><strong>cap.</strong></span> <span class='ocrx_word' id='word_1_265' title='bbox 1883 3395 1946 3438; x_wconf 83' lang='lat'><strong>2,</strong></span> <span class='ocrx_word' id='word_1_266' title='bbox 1991 3384 2141 3445; x_wconf 88' lang='lat' dir='ltr'><strong>operis</strong></span> 
     </span>
     <span class='ocr_line' id='line_1_30' title="bbox 40 3458 1851 3527; baseline -0.001 -19"><span class='ocrx_word' id='word_1_267' title='bbox 40 3462 206 3510; x_wconf 72' lang='lat' dir='ltr'><strong>saecuc&#39;i</strong></span> <span class='ocrx_word' id='word_1_268' title='bbox 240 3480 285 3510; x_wconf 74' lang='lat' dir='ltr'><strong>iv</strong></span> <span class='ocrx_word' id='word_1_269' title='bbox 301 3497 317 3522; x_wconf 91' lang='lat'>‚</span> <span class='ocrx_word' id='word_1_270' title='bbox 353 3480 448 3527; x_wconf 86' lang='lat' dir='ltr'><strong>cap.</strong></span> <span class='ocrx_word' id='word_1_271' title='bbox 485 3460 518 3510; x_wconf 91' lang='lat'>6</span> <span class='ocrx_word' id='word_1_272' title='bbox 537 3500 549 3521; x_wconf 88' lang='lat'>‚</span> <span class='ocrx_word' id='word_1_273' title='bbox 577 3474 657 3510; x_wconf 84' lang='lat' dir='ltr'><strong>art.</strong></span> <span class='ocrx_word' id='word_1_274' title='bbox 710 3479 727 3509; x_wconf 90' lang='lat'>1</span> <span class='ocrx_word' id='word_1_275' title='bbox 747 3469 809 3511; x_wconf 87' lang='lat'><strong>1.&#39;</strong></span> <span class='ocrx_word' id='word_1_276' title='bbox 1126 3458 1196 3509; x_wconf 82' lang='lat' dir='ltr'><strong>De</strong></span> <span class='ocrx_word' id='word_1_277' title='bbox 1223 3462 1275 3507; x_wconf 84' lang='lat' dir='ltr'><strong>vi</strong></span> <span class='ocrx_word' id='word_1_278' title='bbox 1303 3476 1360 3506; x_wconf 83' lang='lat' dir='ltr'><strong>ac</strong></span> <span class='ocrx_word' id='word_1_279' title='bbox 1379 3458 1561 3507; x_wconf 79' lang='lat' dir='ltr'><strong>ratione</strong></span> <span class='ocrx_word' id='word_1_280' title='bbox 1584 3460 1851 3524; x_wconf 74' lang='lat' dir='ltr'><strong>primatus.</strong></span> 
     </span>
     <span class='ocr_line' id='line_1_31' title="bbox 106 3539 2138 3608; baseline 0 -18"><span class='ocrx_word' id='word_1_281' title='bbox 106 3544 168 3608; x_wconf 76' lang='lat'><strong>(2)</strong></span> <span class='ocrx_word' id='word_1_282' title='bbox 206 3544 329 3592; x_wconf 85' lang='lat' dir='ltr'><strong>Ibid.</strong></span> <span class='ocrx_word' id='word_1_283' title='bbox 361 3543 483 3593; x_wconf 87' lang='lat' dir='ltr'><strong>Saec.</strong></span> <span class='ocrx_word' id='word_1_284' title='bbox 519 3562 566 3603; x_wconf 86' lang='lat' dir='ltr'><strong>v,</strong></span> <span class='ocrx_word' id='word_1_285' title='bbox 601 3560 702 3608; x_wconf 84' lang='lat' dir='ltr'><strong>cap.</strong></span> <span class='ocrx_word' id='word_1_286' title='bbox 736 3545 785 3601; x_wconf 85' lang='lat'><strong>3,</strong></span> <span class='ocrx_word' id='word_1_287' title='bbox 818 3553 901 3592; x_wconf 85' lang='lat' dir='ltr'><strong>art.</strong></span> <span class='ocrx_word' id='word_1_288' title='bbox 953 3541 1038 3602; x_wconf 86' lang='lat'><strong>16,</strong></span> <span class='ocrx_word' id='word_1_289' title='bbox 1192 3541 1255 3604; x_wconf 85' lang='lat'><strong>(3)</strong></span> <span class='ocrx_word' id='word_1_290' title='bbox 1293 3542 1412 3589; x_wconf 82' lang='lat' dir='ltr'><strong>Part.</strong></span> <span class='ocrx_word' id='word_1_291' title='bbox 1443 3555 1490 3601; x_wconf 88' lang='lat'><strong>1,</strong></span> <span class='ocrx_word' id='word_1_292' title='bbox 1518 3558 1616 3606; x_wconf 86' lang='lat' dir='ltr'><strong>cap.</strong></span> <span class='ocrx_word' id='word_1_293' title='bbox 1648 3539 1699 3603; x_wconf 73' lang='grc'><strong>4,</strong></span> <span class='ocrx_word' id='word_1_294' title='bbox 1730 3558 1859 3606; x_wconf 87' lang='lat' dir='ltr'><strong>prop.</strong></span> <span class='ocrx_word' id='word_1_295' title='bbox 1900 3558 1917 3587; x_wconf 95' lang='lat'>1</span> <span class='ocrx_word' id='word_1_296' title='bbox 1949 3550 1992 3589; x_wconf 82' lang='lat' dir='ltr'><strong>et</strong></span> <span class='ocrx_word' id='word_1_297' title='bbox 2007 3559 2138 3608; x_wconf 86' lang='lat' dir='ltr'><strong>seqq.</strong></span> 
     </span>
    </p>
   </div>
   <div class='ocr_carea' id='block_1_7' title="bbox 40 3625 1039 3674">
    <p class='ocr_par' dir='ltr' id='par_1_9' title="bbox 40 3625 1039 3674">
     <span class='ocr_line' id='line_1_32' title="bbox 40 3625 1039 3674; baseline 0.001 -2"><span class='ocrx_word' id='word_1_298' title='bbox 40 3626 153 3673; x_wconf 85' lang='lat' dir='ltr'><strong>circa</strong></span> <span class='ocrx_word' id='word_1_299' title='bbox 179 3626 340 3674; x_wconf 86' lang='lat' dir='ltr'><strong>finem.</strong></span> <span class='ocrx_word' id='word_1_300' title='bbox 362 3625 455 3674; x_wconf 87' lang='lat' dir='ltr'><strong>Nec</strong></span> <span class='ocrx_word' id='word_1_301' title='bbox 470 3642 563 3673; x_wconf 88' lang='lat' dir='ltr'><strong>non</strong></span> <span class='ocrx_word' id='word_1_302' title='bbox 587 3625 742 3674; x_wconf 82' lang='lat' dir='ltr'><strong>Petrus</strong></span> <span class='ocrx_word' id='word_1_303' title='bbox 768 3625 1039 3673; x_wconf 83' lang='lat' dir='ltr'><strong>Ballerinius</strong></span> 
     </span>
    </p>
   </div>
  </div>
 </body>
</html>
