2554 4140
285 148 402 209 328
917 171 984 205 DE
1028 166 1178 207 VERA
1223 171 1343 209 nm.
1393 173 1524 214 ADV.
1569 174 1767 214 aaran.

285 314 430 374 tatio
469 312 610 372 falsa
650 309 1120 393 deprehenditur
1142 358 1160 391 7
1195 334 1263 373 eo
1299 314 1457 397 quod
1493 316 1775 395 ejusmodi
1803 316 2071 400 discipuli
2095 321 2195 380 vix
2226 323 2421 384 schola

284 407 607 471 abscedunt
628 453 644 482 7
671 418 740 466 ut
768 407 922 467 illico
958 408 1033 467 ad
1054 409 1212 470 idola
1249 433 1354 471 sua
1390 412 1636 472 redeant
1658 425 1834 495 atque
1859 413 2113 475 illudant
2135 420 2423 498 magistris

284 505 407 565 suis
430 550 446 579 7
485 527 517 563 a
543 503 755 586 quibus
783 504 1085 564 interdum
1113 517 1173 566 et
1203 507 1425 567 victum
1449 520 1506 568 et
1533 509 1778 569 donaria
1803 511 2104 593 accipiunt
2126 511 2237 594 (l)
2272 514 2423 574 Tum

283 600 538 682 denique
573 601 636 658 in
672 600 1101 682 proselytorum
1126 623 1370 662 censum
1405 605 1669 665 referunt
1706 627 1802 665 eos
1841 629 2045 666 omnes
2069 652 2084 682 7
2123 608 2222 689 qui
2261 609 2425 689 ipso—

278 719 414 757 rum
460 697 1002 777 congregationibus
1050 710 1109 759 et
1153 700 1529 760 concionibus
1574 702 1867 762 adsistunt
1915 703 2049 783 (2)3
2112 715 2170 763 et
2218 715 2419 763 tamen

283 806 654 875 compertum
686 805 774 853 est
798 839 814 869 7
851 793 1162 876 plerosque
1190 795 1258 853 iis
1289 817 1412 854 non
1441 796 1642 857 adesse
1679 799 1789 856 nisi
1825 801 1910 857 rei
1948 799 2211 860 novitate
2241 811 2301 859 et
2325 820 2429 858 cu·

283 891 545 950 riositate
584 900 882 970 permotos
904 935 920 964 7
959 901 1091 949 tum
1130 901 1198 948 ut
1233 889 1520 950 irrideant
1547 894 2023 954 concionatorem
2051 938 2065 968 7
2104 895 2201 954 vel
2235 906 2302 953 ut
2331 916 2432 954 eo-

285 1010 422 1047 rum
457 984 728 1045 subsidiis
761 986 1113 1067 pecuniariis
1150 985 1530 1067 perfruantur
1569 987 1658 1070 (3)
1679 1034 1695 1064 7
1728 1011 1859 1071 quae
1895 989 1997 1047 ubi
2040 991 2430 1067 cessaverint,

287 1093 473 1143 cessat
513 1080 952 1164 proselytorum
998 1101 1288 1139 numerus
1329 1102 1394 1140 ac
1438 1083 1676 1163 penitus
1719 1086 2034 1145 evanescit.
2084 1086 2250 1145 Tales
2294 1097 2436 1145 sunt

291 1177 583 1258 triumphi
599 1175 885 1255 ejusmodi
902 1175 1439 1252 missionariorum7
1472 1176 1602 1236 talis
1627 1179 1815 1238 exitus
1845 1179 2071 1241 biblicae
2104 1181 2427 1241 societatis!

292 1275 522 1335 Risum
564 1276 814 1331 teneatis
846 1276 1057 1331 amici.

373 1367 516 1428 258.
570 1366 658 1428 Ad
687 1368 775 1426 211¹
801 1413 818 1445 7
855 1369 1018 1428 Dist.
1052 1367 1120 1428 Id
1144 1379 1234 1429 est
1253 1415 1270 1444 7
1305 1372 1366 1428 in
1396 1368 1635 1453 opificiis
1662 1381 1721 1430 et
1755 1369 1995 1429 coloniis
2020 1370 2396 1431 instituendis
2416 1417 2433 1449 7

291 1486 478 1533 conc.,·
502 1464 565 1523 in
588 1464 1004 1524 convertendis
1034 1463 1377 1525 infidelibus
1398 1511 1414 1540 7
1442 1488 1576 1547 neq.
1613 1468 1842 1547 Nempe
1875 1466 2206 1526 istiusmodi
2231 1465 2438 1527 fratres

294 1561 521 1622 Moravi
541 1607 557 1636 7
586 1560 731 1621 adeo
763 1559 1039 1620 celebrati
1062 1561 1124 1620 in
1160 1560 1535 1620 missionibus
1561 1563 1814 1641 Sareptae
1841 1608 1856 1634 7
1896 1585 2019 1622 non
2049 1574 2194 1623 eunt
2222 1562 2335 1621 nisi
2365 1561 2441 1621 ad

291 1657 602 1740 proprium
628 1655 891 1732 lucrum,
924 1669 1101 1740 atque
1134 1657 1210 1716 ad
1235 1658 1627 1718 instituendas
1652 1657 1906 1718 colonias
1928 1705 1945 1736 7
1975 1659 2050 1718 ad
2078 1680 2441 1742 promoven-

295 1752 434 1811 dam
470 1752 823 1812 industriam
847 1799 863 1829 7
906 1753 1153 1813 minime
1196 1775 1338 1816 vero
1379 1753 1453 1813 ad
1497 1776 1683 1815 novos
1730 1754 2090 1814 Christianos
2130 1755 2444 1815 efforman-

296 1848 440 1925 dos7
487 1861 554 1909 ut
597 1862 849 1910 testatur
902 1849 1231 1933 Klaproth7
1288 1852 1452 1911 testis
1483 1851 1803 1911 ‘occulatus
1849 1852 1957 1933 (4).
2010 1853 2188 1912 Omni
2231 1852 2442 1912 effectu

296 1945 607 2006 missiones
653 1946 728 2006 ad
771 1946 992 2005 radices
1054 1947 1292 2006 Caucasi
1350 1947 1649 2006 institutas
1702 1949 1952 2008 caruisse
2012 1949 2230 2008 fatetur
2274 1949 2445 2007 Hen-

299 2043 513 2105 derson
559 2041 666 2124 (5).
715 2045 908 2117 Quare
950 2042 1283 2104 Alexander
1326 2045 1664 2104 Russiarum
1709 2047 2037 2127 Imperator
2081 2066 2237 2104 anno
2284 2044 2444 2104 1822

302 2151 432 2198 tum
489 2141 864 2201 Moravorum
924 2139 1230 2199 missiones
1288 2140 1350 2198 in
1409 2142 1649 2223 Sarepta
1717 2151 1847 2200 tum
1911 2140 2230 2200 nonnullas
2298 2140 2441 2199 alias

303 2235 546 2296 omnino
579 2236 653 2296 de
684 2234 876 2297 medio
919 2235 1189 2311 sustulit3
1230 2236 1369 2294 hinc
1400 2238 1638 2319 penitus
1661 2238 1966 2319 perierunt
1987 2282 2003 2313 7
2047 2248 2114 2296 ut
2144 2236 2271 2297 aliae
2306 2236 2446 2320 plu-

303 2333 465 2392 rimae
495 2332 605 2412 (6).

388 2429 532 2489 259.
584 2428 672 2490 Ad
712 2428 795 2488 31¹²
822 2474 840 2504 7
882 2431 1055 2511 Resp.
1092 2427 1366 2487 omnibus
1390 2439 1530 2487 nota
1553 2449 1677 2487 esse
1707 2448 1834 2509 quae
1868 2428 2058 2510 plenis
2088 2427 2282 2487 buccis
2311 2430 2446 2486 Pro·

307 2535 591 2584 testantes
621 2523 694 2583 ab
725 2525 892 2583 initio
923 2524 995 2584 de
1025 2526 1275 2584 istorum
1313 2522 1686 2584 missionibus
1711 2524 1772 2582 in
1804 2522 2210 2603 Tranguebar‚
2240 2522 2446 2581 Trich-

305 2620 493 2703 nipoli
517 2667 533 2696 7
579 2623 823 2698 Taujore
862 2643 927 2680 ac
967 2622 1301 2681 Travancor
1340 2619 1738 2701 praedicabant
1769 2665 1785 2694 7
1834 2619 1978 2679 adeo
2020 2630 2087 2678 ut
2128 2619 2444 2700 Episcopus

305 2728 638 2800 protestans
663 2716 887 2793 Heber,
911 2728 978 2776 ut
1005 2717 1185 2777 refert
1210 2720 1278 2776 D.
1298 2715 1602 2775 Robinson
1622 2762 1637 2790 7
1665 2715 1855 2774 dicere
1883 2715 2095 2775 soleret
2122 2737 2136 2772 ε
2174 2716 2279 2775 Ibi
2299 2715 2447 2773 sub·

306 2817 509 2874 sistere
538 2818 660 2873 vim
678 2835 876 2875 causoe
899 2815 1249 2874 christianae
1274 2817 1344 2872 in
1374 2814 1419 2874 I
1416 2814 1612 2883 ndiis,
1642 2833 1707 2871 ac
1736 2810 1949 2870 nullibi
1972 2833 2032 2870 se
2060 2810 2207 2870 adeo
2233 2810 2445 2870 floren·

309 3023 503 3072 British
543 3025 602 3071 in
646 3021 870 3072 Calcutta
907 3031 994 3070 ant
1031 3023 1100 3070 its
1126 3022 1341 3087 vicinity
1426 3030 1533 3087 tyn.
1566 3021 1679 3071 edit.
1715 3018 1766 3070 8.
1801 3020 1956 3071 Lond.
1994 3018 2152 3082 1825,
2190 3037 2295 3086 pag.
2327 3035 2451 3085 279-

319 3104 468 3170 1824,
491 3125 600 3172 pag.
624 3121 719 3173 ²¹7
746 3116 793 3155 et
816 3121 944 3173 seqq.
984 3105 1122 3153 Anno
1161 3102 1282 3153 1831
1319 3139 1336 3165 ,
1428 3102 1547 3169 387.

307 3190 402 3254 jam
427 3188 675 3237 distributa
698 3198 831 3237 erant
861 3205 887 3236 a
919 3190 1133 3237 societate
1158 3186 1338 3235 biblica
1493 3188 1560 3252 (14)
1598 3182 1643 3233 V
1645 3202 1791 3251 oyaqe
1833 3203 1900 3234 au
1956 3187 2100 3234 lllom
2145 3185 2361 3234 Caucaso
2409 3191 2453 3232 et

318 3287 625 3331 1270007000
673 3271 929 3319 bibliorum
971 3271 1250 3337 exemplaria
1288 3273 1338 3317 in
1423 3288 1484 3318 en
1531 3269 1736 3332 Georqie
1779 3305 1793 3324 ‚
1840 3268 1966 3317 Paris
2013 3265 2139 3317 1823
2179 3305 2192 3330 ‚
2235 3278 2349 3316 tom.
2397 3285 2415 3314 1
2435 3304 2449 3326 7

320 3351 412 3417 143
432 3354 610 3418 linguas
637 3370 872 3402 conversa.
1426 3372 1531 3419 pag.
1565 3350 1655 3400 261
1676 3388 1690 3401 .

382 3436 450 3499 (1)
489 3435 613 3485 lbid.
632 3446 749 3485 tom.
770 3451 847 3501 ιιι,
868 3455 974 3503 pag.
994 3437 1109 3505 399,
1132 3455 1220 3487 nec
1244 3455 1339 3487 non
1493 3436 1563 3501 (ὅ)
1607 3432 1666 3481 V
1661 3451 1807 3499 oyaqe
1841 3434 1967 3481 dans
2002 3433 2050 3482 la
2080 3431 2260 3483 Russie
2295 3428 2447 3479 Meri-

315 3519 518 3585 Report,
542 3529 639 3569 etc.
664 3536 771 3585 pag.
802 3535 858 3567 21
877 3536 892 3567 1
909 3556 921 3568 .
1422 3517 1613 3567 dionale
1633 3555 1646 3579 7
1669 3517 1797 3566 Paris
1823 3514 1948 3565 1826
1972 3552 1984 3575 ‚
2021 3527 2132 3565 tom.
2169 3528 2204 3565 11
2221 3553 2234 3577 ‚
2258 3533 2305 3580 p.
2330 3511 2446 3578 870·

381 3601 449 3663 (2)
486 3603 716 3666 Reqister
734 3638 747 3662 ,
783 3620 834 3667 p.
874 3599 941 3650 85
963 3621 1095 3670 seqq.
1490 3601 1554 3664 (6)
1589 3601 1648 3650 V.
1669 3600 1914 3649 Wiseman
1934 3637 1948 3660 7
1968 3599 2076 3648 diss.
2093 3601 2172 3648 cit.
2191 3611 2294 3663 pag.
2317 3591 2382 3642 85
2401 3603 2447 3643 et

384 3682 453 3747 (8)
489 3685 704 3734 Memoir
718 3684 782 3750 of
799 3684 876 3733 che
893 3702 989 3734 rev.
1008 3685 1183 3750 Henry
1202 3685 1338 3735 Mar·
1420 3701 1547 3751 seqq.
