2554 4140
489 192 645 229 paor.
696 190 774 228 tx.
818 192 887 227 ne
930 188 1181 227 rnorns‘r.
1225 190 1382 226 ome.
1430 190 1496 226 nr
1539 188 1696 226 suco.
2030 165 2141 223 311

46 345 104 395 et
147 333 521 414 inspiratione
556 331 800 413 Spiritus
842 330 1064 403 Sancti,
1105 340 1279 408 prout
1314 329 1612 411 potissime
1650 327 1972 388 Concilium
2016 327 2144 385 Tri-

46 428 353 488 dentinum
382 447 442 485 se
466 426 637 505 gessit
658 426 783 506 (1)·
768 473 784 499 ,
825 446 979 504 ergo.

118 523 257 581 234.
302 524 470 604 Resp.
503 520 578 579 ad
611 522 731 596 1¹¹¹,
764 522 920 579 Dist.
948 519 1015 576 In
1049 514 1356 597 disciplina
1386 487 1654 576 mutabili
1678 529 1738 577 et
1766 488 2139 592 accidentali,

39 628 232 676 trans,
268 615 374 675 Vel
413 635 598 684 cono&
626 615 689 673 in
727 612 860 672 fidei
898 630 1249 689 morumque
1279 608 1543 671 doctrina
1571 657 1587 686 .,
1639 634 1769 692 neq.
1809 615 1944 672 Jam
1985 613 2142 672 enim

41 711 398 771 ostendimus
448 710 602 790 ipsos
648 705 1006 767 adversarios
1060 703 1227 763 nobis
1286 703 1443 763 ultro
1501 704 1639 764 dare
1702 706 1797 765 vel
1856 729 1889 765 a
1943 707 2140 789 primo

42 806 300 867 Ecclesiae
329 803 532 864 saeculo
565 802 758 861 omnia
793 800 1058 880 germina
1090 798 1382 859 catholicae
1418 798 1698 859 doctrinae
1724 802 1983 883 reperiri.
2017 804 2145 861 Sae-

39 902 168 982 pius
203 898 496 982 provocati
535 895 882 970 adversarii,
926 906 993 954 ut
1038 896 1395 974 assignarent
1428 893 1713 977 epocham
1754 896 2094 955 mutationis
2122 941 2139 966 .,

38 1017 213 1103 qua-m
241 992 408 1053 nobis
437 991 746 1070 objiciunt,
775 1011 1083 1072 nunquam
1109 987 1171 1049 id
1200 989 1426 1050 efficere
1454 999 1806 1071 potuerunt.
1849 1001 2022 1071 prout
2050 1012 2141 1049 su-

37 1090 228 1170 perius
257 1087 636 1147 ostendimus,

112 1182 255 1241 235.
293 1182 377 1242 Ad
400 1183 517 1256 2¹¹¹,
544 1184 696 1242 Disc
729 1180 796 1239 Id
813 1193 935 1255 est,
966 1186 1247 1260 majorem
1270 1180 1490 1263 recepti
1504 1185 1630 1259 jam
1645 1179 1931 1261 dogmatis
1949 1143 2144 1239 diluci-

39 1277 369 1352 dationem,
411 1298 481 1336 ex
518 1276 810 1336 occasione
843 1297 1045 1335 eorum
1077 1278 1178 1358 qui
1212 1276 1466 1357 aliquem
1500 1274 1849 1334 articulum
1833 1296 2144 1356 impugna-

41 1383 178 1431 runt
195 1418 211 1446 ,
236 1392 539 1454 conc.;per
554 1390 839 1432 novorum
858 1370 1197 1452 dogmatum
1212 1370 1735 1444 introductionem,
1763 1392 1890 1449 neq.
1918 1372 2143 1451 Nempe

39 1488 110 1527 ex
140 1467 471 1542 occasione,
498 1487 610 1549 qua
639 1464 815 1546 aliqui
834 1474 1129 1546 receptam
1145 1466 1209 1523 in
1224 1464 1474 1525 Ecclesia
1501 1464 1830 1524 doctrinam
1858 1475 2143 1523 temerare

38 1563 240 1623 infami
280 1583 422 1620 ausu
461 1561 708 1641 aggressi
749 1571 921 1636 sunt,
960 1560 1206 1620 Ecclesia
1239 1560 1575 1619 accuratiori
1615 1560 1868 1620 examini
1901 1558 2143 1637 subJ‘ecit

36 1656 474 1717 controversum
509 1654 818 1714 articulum
839 1701 857 1730 7
901 1655 1213 1738 ipsumque
1259 1655 1369 1715 sibi
1408 1654 1725 1728 vindicavit
1757 1676 1865 1736 per
1899 1675 2143 1736 expres-

35 1772 156 1810 sam
200 1751 355 1809 illius
411 1749 635 1809 articuli
693 1749 1099 1810 definitionem
1142 1762 1202 1811 et
1255 1749 1803 1810 condemnationem
1859 1749 2142 1830 oppositae

33 1846 332 1906 novitatiS.
369 1848 453 1904 lta
497 1856 837 1905 constanter
878 1867 939 1905 se
981 1846 1155 1926 gessit
1196 1845 1484 1919 Ecclesia,
1530 1844 1689 1926 quod
1718 1855 1783 1903 ut
1809 1843 2139 1916 obtineret,

47 1962 279 2023 semper
320 1941 396 2000 ad
436 1951 665 2000 vetusta
708 1951 1092 2000 monumenta
1136 1961 1199 1999 ac
1241 1950 1536 2021 receptam
1566 1938 1743 1998 fidem
1777 1938 2139 2020 provocavit,

38 2045 103 2094 ut
137 2057 207 2094 ex
232 2035 471 2094 historia
502 2033 888 2093 Conciliorum
921 2034 1231 2116 unicuique
1257 2046 1519 2105 constare
1543 2023 1779 2116 poterit.
1814 2037 2144 2093 Protestan·
2228 2050 2238 2062 ‘

36 2130 240 2188 tismus
272 2140 506 2206 contra,
546 2150 651 2208 per
685 2151 855 2189 suum
893 2129 1375 2212 perfectibilitatis
1412 2130 1760 2203 inventum,
1797 2150 1982 2186 unum
2009 2138 2142 2209 post

35 2223 191 2283 aliud
227 2225 421 2284 omnia
459 2223 595 2283 fidei
624 2223 896 2305 dogmata
923 2225 1122 2304 rejecit
1143 2269 1158 2299 ,
1192 2223 1383 2284 donec
1414 2223 1508 2284 vel
1542 2223 1734 2305 ipsum
1764 2222 1900 2281 fidei
1923 2243 2142 2281 nomen

34 2318 298 2395 sustulit⁷
325 2331 384 2379 et
407 2331 547 2378 tunc
576 2318 816 2379 demum
851 2341 1142 2378 summam
1176 2317 1421 2400 adeptus
1455 2328 1577 2393 est,
1610 2317 1687 2377 ad
1715 2339 1893 2400 quam
1928 2315 2139 2376 tende-

33 2413 139 2473 bat
156 2458 173 2487 ,
205 2414 620 2498 perfectionem
640 2458 657 2489 .,
690 2415 885 2474 omnia
915 2413 1130 2474 scilicet
1158 2412 1516 2473 destruendo
1538 2413 1650 2493 (2).

116 2508 262 2568 236.
314 2508 401 2569 Ad
433 2509 549 2585 3¹¹¹,
583 2510 928 2591 Respondeo
966 2508 1100 2569 fidei
1136 2507 1404 2589 dogmata
1443 2528 1566 2568 esse
1601 2507 1847 2567 totidem
1870 2507 2144 2579 veritates

24 2745 28 2750 ”
52 2754 134 2817 ’(1)
151 2755 227 2805 Sic
240 2753 468 2807 Ernestus
484 2754 731 2814 Sar-torius,
752 2754 1047 2819 prof.Theol.
1101 2810 1105 2813 .
1134 2762 1252 2818 qaqe
1281 2755 1478 2801 suivant
1505 2773 1522 2801 .·
1539 2751 1790 2800 dechirom
1816 2754 2027 2818 etjetom
2046 2750 2149 2799 loin

39 2833 237 2899 dogmat.
254 2849 296 2887 et
313 2833 477 2886 moral.
491 2836 725 2901 Dorpart,
740 2838 789 2884 in
798 2828 1049 2901 Beitrizeqe
1134 2834 1192 2882 de
1230 2824 1362 2883 nous·
1407 2851 1482 2882 ces
1515 2833 1635 2881 liene
1659 2868 1676 2895 ,
1721 2834 1807 2899 qui
1853 2832 2154 2881 attachaient

42 2933 164 2976 zur,
193 2927 300 2978 εἴα,
332 2919 381 2966 id
417 2927 515 2974 est,
552 2916 835 2966 Collationes
863 2917 930 2965 ad
962 2918 1046 2966 de-
1134 2916 1165 2964 ὰ
1207 2913 1254 2962 la
1280 2914 1355 2980 soi
1390 2923 1435 2961 et
1470 2931 1537 2962 au
1569 2914 1734 2962 devoir
1773 2930 1860 2962 nos
1910 2915 2145 2978 iquoram

35 2998 296 3063 sensionem
314 2998 592 3063 evanqeliooe
606 2998 912 3060 orthodoxiae,
934 2999 1042 3049 Hei·
1134 3005 1179 3045 et
1194 2996 1446 3045 tenebreuoe
1461 2998 1689 3045 anceeres.
1709 2996 1820 3045 Vid.
1849 2994 2138 3044 Becherohes

39 3081 263 3146 delbergae
296 3077 442 3130 1825.
1134 3079 1247 3127 hist.
1270 3079 1331 3126 'de
1357 3079 1542 3128 Maller
1565 3079 1687 3127 dans
1711 3095 1782 3126 ses
1812 3077 1966 3126 lettres
1996 3076 2146 3139 confi-

106 3163 174 3227 (2)
211 3162 388 3211 Vadem
421 3163 584 3212 damus
610 3160 752 3231 hujus
780 3158 1037 3212 assertionis
1135 3160 1376 3210 dentielles
1398 3162 1428 3209 ὰ
1452 3160 1697 3221 Brinta,
1742 3159 1859 3210 1801
1884 3197 1897 3219 ‚
1926 3176 2027 3224 pag.
2056 3156 2144 3221 41,

42 3262 137 3293 non
150 3255 410 3310 suspectum
421 3245 482 3294 D.
499 3246 664 3295 Miiller
678 3246 866 3311 profess.
883 3245 1045 3295 Schaf-
1135 3257 1179 3296 et
1196 3264 1299 3311 pag.
1317 3243 1404 3312 69,
1424 3242 1508 3306 88,
1526 3245 1607 3294 ubi
1630 3238 1739 3294 citat
1755 3254 1904 3293 textus
1922 3241 2151 3291 Schroeck

40 3327 170 3375 fusiae
189 3344 202 3375 ε
221 3327 322 3375 Des
341 3326 646 3392 Theoloqiem
662 3330 854 3388 memes,
870 3329 1058 3394 inquit.
1135 3337 1181 3377 et
1200 3327 1434 3376 Vincentii
1457 3327 1706 3376 Lirinensis
1742 3327 1803 3375 ad
1823 3326 2056 3394 judicium
2077 3324 2146 3372 fe-

40 3426 88 3456 se
111 3411 219 3473 som
242 3425 338 3456 une
355 3411 526 3475 affaire
543 3410 598 3457 de
613 3427 762 3475 noyer
781 3409 828 3457 la
843 3408 1046 3473 reliqion
1137 3409 1334 3458 rendum
1349 3411 1459 3458 novi
1479 3408 1867 3476 perfectibiliami
1890 3407 2147 3455 Protestan-

44 3490 164 3537 dans
196 3507 264 3538 un
292 3493 408 3555 vain
434 3491 686 3541 dorsum...
716 3491 766 3540 T
763 3508 847 3539 ous
867 3508 1047 3540 ensem·
1138 3494 1275 3540 tium.
1298 3489 1512 3539 Gelai-ci
1535 3528 1549 3551 ‚
1580 3494 1735 3557 inquit
1758 3490 1829 3538 De
1856 3485 2020 3536 Starck
2049 3487 2143 3549 (op.

45 3570 116 3619 hle
154 3574 426 3620 sciemment
462 3589 524 3620 ou
570 3589 683 3620 sam
737 3572 835 3621 s’en
878 3573 1043 3622 doucer
1124 3575 1202 3620 cit.
1218 3572 1235 3634 )
1254 3579 1322 3619 est
1335 3587 1403 3619 au
1425 3570 1508 3619 but
1523 3610 1535 3632 ,
1557 3569 1723 3636 quand
1742 3569 1781 3617 il
1803 3584 1924 3617 aura
1986 3565 2153 3614 atteint

49 3655 264 3701 tiennem
291 3653 337 3701 Ia
364 3656 509 3702 memo
534 3655 780 3710 conducite.
798 3663 842 3702 et
865 3654 906 3702 le
934 3654 1039 3703 lan·
1126 3652 1402 3702 l’atheisme.
