2554 4140
853 146 1012 184 paor.
1062 148 1137 187 vi.
1185 149 1253 183 nn
1295 145 1450 185 sacr.
2048 123 2165 182 271

152 292 286 350 155.
334 289 466 366 Obj.
497 287 774 348 secundo·
816 287 1062 368 Spiritus
1109 285 1408 364 Evangelii
1440 298 1532 344 est
1565 286 1805 367 spiritus
1847 283 2166 357 libertatis3

65 398 125 446 et
146 406 285 444 sane
303 384 565 443 Christus
585 427 601 456 .‚
628 403 758 441 cum
775 381 835 439 in
851 379 1139 440 mundum
1152 380 1316 438 venit
1334 425 1350 454 .,
1380 382 1649 462 praestitit
1670 403 1804 463 erga
1825 381 2172 460 denegerem

66 484 102 541 J
108 482 401 541 udaeorum
436 478 772 558 religionem
792 521 808 546 ,
840 473 998 557 quod
1022 483 1220 556 postea
1260 474 1546 534 Lutherus
1582 477 1807 536 efficere
1832 477 2084 536 tentavit
2111 477 2173 533 in

67 579 191 658 ipsa
217 575 493 655 religione
519 572 830 645 catholica,
869 581 1008 628 tunc
1038 567 1498 648 temporis-foede
1532 570 1842 629 immutata
1875 590 2176 652 perusus-

71 674 334 753 pationes
361 668 596 752 papales
622 679 682 726 et
706 667 1116 724 insectatorem
1144 661 1570 721 monachorum
1596 665 1868 744 spiritum
1887 668 1950 728 in
1980 664 2177 726 medio

69 787 189 827 aevo
217 767 343 845 (l);
384 785 541 841 ergo.

158 861 294 918 156.
343 860 512 936 Resp.
541 857 701 927 Περι.
721 863 915 911 antec.
938 852 1186 934 Spiritus
1209 850 1504 931 Evangelii
1527 861 1616 911 est
1639 852 1876 933 spiritus
1892 854 2178 916 libertatis

71 978 101 1013 a
137 954 262 1034 lege
299 952 540 1010 mosaica
577 969 642 1006 ac
682 946 959 1025 legalibus
1007 946 1423 1022 observantiiS,
1475 946 1571 1007 vel
1603 967 1710 1027 per
1751 950 2185 1029 oppositionem

69 1049 144 1108 ad
170 1049 439 1129 spiritum
460 1044 756 1103 servitutis
786 1054 844 1102 et
869 1043 1096 1101 timoris
1119 1043 1260 1122 legis
1288 1043 1550 1101 mosaicae
1568 1088 1582 1117 ,
1618 1064 1803 1109 conc.;
1830 1054 1918 1102 est
1945 1045 2185 1126 spiritus

68 1141 353 1202 libertatis
374 1185 391 1213 ,
427 1139 508 1196 ita
539 1150 606 1196 ut
641 1137 890 1197 liberum
920 1138 1231 1220 unicuique
1267 1138 1342 1195 sit
1374 1136 1609 1196 credere
1628 1183 1644 1212 ‚
1683 1139 1899 1198 sentire
1921 1149 1985 1198 et
2017 1140 2182 1198 inno-

69 1258 206 1296 vare
239 1237 300 1293 in
329 1233 502 1293 rebus
533 1231 668 1291 fidei
690 1277 706 1307 ‚
732 1244 918 1315 prout
952 1234 1132 1313 magis
1166 1232 1311 1292 libet
1331 1278 1346 1308 ‚
1375 1256 1504 1313 neq.
1545 1232 1808 1293 Absurda
1839 1234 1998 1295 enim
2033 1247 2184 1295 esset

68 1330 304 1389 libertas
348 1327 447 1386 illa
489 1327 771 1387 credendi
812 1327 1154 1409 quodlibet,
1201 1349 1413 1388 verum
1456 1339 1559 1387 aut
1602 1327 1851 1404 falsum,
1884 1330 2184 1413 fidemque

69 1425 311 1484 omnino
340 1423 689 1483 destrueret.

157 1519 292 1578 157.
342 1517 430 1577 Ad
461 1516 866 1599 probationem
888 1561 904 1590 ,
943 1516 1095 1596 Ney.
1135 1517 1376 1599 impiam
1412 1529 1472 1577 et
1496 1517 1902 1600 blasphemam
1935 1542 2186 1602 compa-

71 1615 378 1674 rationem.
415 1612 620 1692 Ecquis
654 1611 814 1671 enim
834 1659 850 1688 ‚
890 1611 1000 1670 nisi
1030 1611 1210 1671 deista
1247 1611 1342 1671 vel
1374 1612 1578 1672 atheus
1599 1660 1615 1688 .‚
1654 1614 1956 1695 impurum
1977 1635 2189 1675 ac-sce-

71 1709 445 1768 lestissimum
505 1716 833 1788 apostatam
859 1752 874 1779 .,
935 1707 1036 1788 qui
1091 1708 1336 1765 immani
1390 1710 1719 1786 arrogantia
1775 1711 2186 1770 inconsutilem

73 1802 287 1862 Christi
326 1812 552 1861 vestem
581 1845 598 1873 a
639 1801 702 1859 id
733 1813 854 1877 est,
906 1801 1217 1861 Ecclesiam
1260 1801 1575 1863 dilacerare
1616 1825 1875 1884 agressus
1913 1815 2037 1880 est,
2080 1828 2188 1887 per

76 1896 457 1956 rebellionem
500 1895 756 1955 filiorum
801 1897 1079 1957 adversus
1126 1898 1426 1979 propriam
1477 1919 1642 1959 suam
1676 1911 1939 1958 =matrem
1991 1901 2188 1959 omnia

75 1991 362 2072 susdeque
391 1991 675 2051 vertendo
696 2036 712 2063 ,
748 1989 960 2051 audeat
992 2012 1330 2074 comparare
1364 2013 1495 2051 cum
1526 1994 1824 2073 unigenito
1861 1993 2003 2053 Filio
2044 1995 2187 2069 Dei,

75 2087 175 2167 qui
214 2107 334 2144 non
367 2091 530 2144 venit
568 2088 782 2145 solvere
824 2088 1004 2166 leyem
1021 2130 1043 2158 ‚
1074 2088 1178 2145 sed
1208 2075 1540 2167 adimplere
1579 2089 1607 2168 (
1642 2089 1851 2148 Matth.
1894 2091 1936 2148 V
1957 2133 1973 2164 .,
2020 2091 2091 2148 17
2114 2088 2190 2170 )?

80 2180 335 2240 Ubinam
359 2182 520 2261 signa
545 2181 927 2242 inveniuntur
949 2187 1070 2260 ejus
1099 2182 1435 2243 missionis?
1472 2183 1587 2242 Ubi
1612 2184 1881 2244 vaticinia
1905 2229 1921 2259 ,
1957 2184 2059 2244 ubi
2090 2186 2193 2244 mi-

78 2278 320 2336 racula?
350 2279 471 2337 Nisi
503 2299 612 2360 per
647 2300 946 2337 summum
976 2279 1137 2339 nefas
1179 2278 1318 2338 velis
1349 2279 1510 2339 inter
1543 2280 1721 2361 ipsius
1748 2280 2008 2362 prodigia
2037 2292 2193 2340 sata-

79 2373 276 2431 nicum
309 2372 485 2454 plane
517 2373 772 2432 furorem
792 2418 808 2448 ‚
846 2373 1288 2448 fornicationeS‚
1317 2373 1600 2433 adulteria
1622 2419 1638 2449 7
1678 2374 1970 2457 sacrilegia
1997 2396 2192 2436 recen-

78 2488 204 2528 sere
233 2467 341 2548 (2).

151 2631 218 2693 (l)
257 2631 320 2680 Ita
373 2643 531 2680 auctor
574 2634 722 2696 operis
788 2631 1100 2695 Chronoloqiae
1181 2650 1266 2680 nea
1297 2631 1655 2696 Wittenbergae3
1691 2650 1743 2681 ea
1780 2650 1949 2698 nempe
1981 2636 2191 2694 ratione,

87 2711 391 2773 universelle‚
408 2713 499 2760 vol.
526 2728 615 2761 τοο
632 2748 648 2773 ,
670 2711 806 2761 Dela
831 2712 1100 2760 Bibliothe-
1182 2731 1274 2777 qua
1295 2711 1431 2774 (Act.
1449 2730 1526 2761 xix
1548 2751 1561 2773 ‚
1597 2711 1658 2762 16
1676 2716 1691 2774 )
1710 2716 1761 2761 in
1787 2714 1909 2762 filios
1933 2713 2087 2763 Scevae
2103 2716 2197 2763 dae-

89 2810 178 2857 que
198 2794 265 2842 du
288 2796 478 2858 cieoyen
507 2793 577 2840 du
609 2811 686 2841 xlx
714 2792 869 2842 siecle.
1103 2810 1107 2813 ⁴
1182 2813 1293 2843 mon
1315 2796 1513 2857 insiliit,
1547 2799 1616 2845 sic
1651 2797 1817 2846 insiliit
1851 2800 1902 2846 in
1938 2798 2197 2848 Lutherum

157 2875 225 2938 (2)
260 2876 371 2924 vid.
402 2876 613 2934 Lessins,
634 2877 685 2923 in
707 2874 1100 2924 Cmuuleatione:
1182 2882 1377 2946 ejusque
1418 2883 1564 2929 socios
1585 2918 1598 2940 ‚
1638 2899 1726 2930 nec
1771 2882 1864 2931 levi
1901 2883 2004 2931 illos
2029 2884 2199 2932 damno

97 2955 223 3023 Quoe
244 2957 364 3020 fides
392 2965 436 3005 ct
464 2955 631 3021 reliqio
663 2959 728 3004 sit
764 2957 1054 3023 capessenda
1087 2994 1100 3016 ‚
1183 2961 1354 3010 affecit.
1372 2961 1638 3028 Staphylus,
1664 2982 1810 3030 quum
1825 2964 2081 3014 Lutherum
2099 2984 2201 3014 ma-

92 3036 284 3086 Consid.
311 3055 360 3086 lx
380 3076 394 3098 ‚
416 3041 580 3104 quinta
609 3041 723 3087 ratio
743 3057 794 3087 ex
818 3042 911 3087 vita
939 3049 984 3087 et
1001 3056 1103 3086 mo·
1184 3047 1372 3110 gistrum
1396 3063 1535 3093 suum
1567 3043 1728 3112 jugulo
1756 3065 1782 3095 a
1805 3048 2019 3097 daemone
2048 3065 2203 3113 arrep-

94 3136 196 3167 rum
218 3120 516 3183 conditione3
546 3121 627 3169 ubi
652 3123 877 3186 pessima,
910 3121 1106 3170 Lntheri
1184 3137 1282 3174 mm
1308 3130 1620 3192 conspiceret,
1661 3139 1706 3177 et
1733 3130 1888 3194 fugam
1920 3131 2115 3180 moliens
2132 3148 2203 3179 se-

95 3210 138 3247 et
166 3199 347 3247 Calvini
375 3203 466 3248 vita
500 3203 549 3249 in
579 3201 818 3267 propatulo
853 3213 1104 3268 ponuntur.
1186 3226 1284 3255 ram
1312 3209 1550 3258 recludere
1579 3227 1675 3258 non
1711 3210 1909 3269 velet-et,
1944 3214 2140 3260 securim
2176 3229 2201 3259 a

98 3281 231 3346 Quod
250 3284 414 3331 attinet
440 3283 498 3330 ad
515 3285 735 3333 miracula
757 3284 945 3332 Lntheri
969 3302 1107 3333 nemo
1186 3290 1352 3338 clerico
1373 3308 1454 3354 per
1477 3291 1695 3340 fenestras
1722 3294 1945 3359 injectam
1967 3294 2164 3358 adeptus
2186 3309 2199 3352 ,'

95 3365 144 3412 id
169 3367 347 3430 ignorat
370 3401 383 3425 ‚
403 3367 527 3431 qnod
568 3377 617 3414 nt
652 3370 776 3416 testis
809 3368 1008 3416 ocularis
1037 3385 1110 3417 re·
1187 3372 1310 3420 fores
1326 3373 1498 3420 excidit
1524 3374 1754 3439 salutique
1777 3391 1870 3423 snae
1887 3383 1938 3424 et
1958 3374 2205 3422 incolumi·

95 3446 180 3495 fert
206 3446 332 3495 Frid.
359 3445 613 3512 Staphylus
629 3486 642 3507 ‚
674 3451 724 3497 in
745 3448 983 3499 Absoluta
997 3466 1110 3516 apo-
1192 3453 1270 3501 tati
1296 3454 1541 3502 consuluit.
1568 3454 1708 3505 Cone.
1727 3456 1959 3521 Baddeley
1977 3494 1990 3516 ‚
2022 3454 2073 3503 A
2092 3471 2204 3501 sure

92 3526 247 3592 loqia,
267 3545 371 3594 pag.
388 3527 507 3592 404,
525 3530 583 3578 de
601 3530 800 3580 Lathoro
819 3549 947 3580 anno
984 3529 1110 3594 1545
1190 3551 1301 3599 way
1318 3544 1362 3582 to
1375 3535 1484 3599 find
1508 3545 1589 3584 oue
1605 3537 1682 3585 the
1707 3549 1812 3587 erne
1834 3536 2034 3602 reliqion
2056 3574 2069 3597 ,
2094 3536 2205 3584 Bo&

96 3613 378 3660 exorcizante
399 3612 648 3676 quamdam
676 3616 894 3679 juvenem
920 3615 977 3664 de
999 3614 1110 3664 Μίαν-
1195 3626 1275 3665 ton
1301 3614 1419 3666 1831
1445 3654 1460 3679 ,
1489 3633 1598 3683 pag.
1631 3615 1715 3667 66.
