2554 4140
411 150 535 187 GAP.
583 149 668 186 111.
721 149 788 184 DE

831 147 961 186 Nor.
1009 146 1126 186 mv.
1174 147 1245 183 AG
1289 146 1599 183 SUPEBNAT.
1646 144 1773 184 REV.

2031 124 2148 198 μ97

120 293 260 352 231.
311 290 398 350 Ad
434 292 514 349 611¹
535 335 551 363 ,
579 291 738 348 Disc.
766 288 823 346 Si
853 288 1004 347 Deus
1020 281 1082 340 id
1096 283 1236 364 ipsis
1257 285 1675 364 permississet.,
1707 296 1927 354 tran3.;
1954 308 2148 362 seem,

42 409 170 467 neq.
208 385 552 445 Recolantur
585 403 756 464 porro
776 425 792 455 .,
824 398 953 460 quae
980 376 1235 435 diximus
1268 375 1341 434 de
1365 377 1656 437 miraculis
1681 425 1697 454 ,
1731 383 2002 461 spectatis
2028 404 2150 441 mo-

41 481 255 539 ralibus
289 481 394 537 Dei
427 475 721 536 attributis
733 520 745 531 .

124 575 263 634 232.
315 573 398 632 Ad
433 573 514 632 7¹11
535 616 552 644 .‚
587 569 735 647 Neq.
779 567 861 624 Ex
890 586 958 623 eo
994 564 1188 640 enim,
1218 563 1378 644 quod
1411 566 1642 622 nummi
1669 566 1845 648 aliqui
1870 573 2155 652 suppositi

45 682 184 729 sunt
238 690 302 727 ac
342 665 553 748 spurii,
598 683 720 720 non
762 659 1058 739 sequitur,
1103 678 1305 715 omnes
1346 668 1413 715 ut
1456 660 1682 738 spurios
1718 665 2153 741 amandandos.·,

44 767 164 824 imo
199 785 269 823 ex
301 783 398 836 eo,
443 757 599 840 quod
638 754 817 835 aliqui
856 752 1209 833 supposititii
1249 752 1367 811 sint
1395 765 1425 828 ,‘
1450 752 1716 812 concludi
1754 757 1946 835 potius
1980 759 2155 821 debet

46 860 321 940 genuinos
344 852 607 915 existere.

126 952 264 1020 2335·
287 951 423 1014 Inst.
448 945 659 1027 primo,
688 944 749 1002 10
765 943 1006 1002 Constat
1034 964 1106 1001 ex
1131 940 1394 1003 indubiae
1415 943 1552 1002 fidei
1576 943 1864 1003 historicis
1891 947 2156 1027 quaedam

48 1046 276 1127 auguria
310 1053 368 1102 et
396 1039 667 1102 vaticinia
703 1038 1071 1098 ethnicorum
1111 1036 1263 1096 clara
1285 1081 1301 1111 ,
1335 1058 1400 1096 ac
1429 1036 1504 1097 de
1533 1059 1596 1098 re
1627 1038 1796 1119 longe
1823 1054 1954 1122 post
1984 1064 2161 1103 even-

48 1356 143 1394 tam
155 1383 167 1405 ‚
187 1342 508 1408 Hierophilem
520 1350 858 1405 nuncupatam,
874 1339 1064 1387 demum

46 1427 202 1475 Cumii
227 1428 278 1473 in
319 1423 447 1473 ltalia
481 1422 780 1478 obiisse.vAlii
807 1421 1066 1468 Varronem

48 1511 190 1557 secuti
220 1516 358 1565 sunt,
403 1508 484 1571 qui
523 1505 684 1553 decem
724 1520 798 1551 eas
833 1512 1063 1550 numerat.

53 1589 267 1638 Ceterum
302 1591 420 1636 inter
458 1587 536 1634 has
565 1586 728 1634 decem
765 1579 974 1632 Cumana
1002 1590 1072 1633 est

51 1669 287 1719 celebrior.
318 1669 429 1717 Tres
464 1685 517 1715 ex
551 1684 602 1715 ea
627 1667 768 1714 libros
791 1665 1070 1731 Tarquinius

49 1769 215 1816 magno
242 1752 387 1815 pretio
422 1751 536 1797 emit
555 1785 568 1807 ‚
599 1765 716 1813 quos
745 1748 937 1812 lapideae
960 1765 1070 1812 cap-

54 1834 162 1882 sulae
191 1833 391 1880 inclusos
414 1834 464 1878 in
491 1829 721 1894 Capitolio
756 1832 977 1893 reposuit.
1008 1829 1070 1876 Hi

50 1917 158 1964 libri
176 1915 542 1964 consulebantur
563 1931 589 1961 a
605 1914 824 1961 Romanis
841 1952 853 1973 ,
887 1916 1069 1979 quoties

54 2000 258 2063 graviora
279 1996 609 2061 impendebant
625 1995 888 2060 reipublicae
906 1996 1074 2043 discri-

49 2082 191 2126 mina.
224 2095 357 2126 mxxvr
383 2094 488 2126 vero
532 2079 666 2125 annis
696 2087 802 2124 ante
830 2076 1068 2125 Christum

54 2159 278 2224 Capitolio
293 2159 379 2207 sub
401 2157 529 2206 Sulla
551 2158 845 2222 conflagrato,
871 2157 1074 2224 Senatus·

26 2236 28 2240 ’
53 2258 270 2289 romanus
286 2244 336 2288 in
354 2239 509 2287 Asiam
531 2249 576 2288 et
607 2238 823 2287 Graeciam
858 2242 982 2287 misit
1010 2241 1069 2288 ad

53 2322 307 2387 colligenda
366 2331 572 2387 quotque
621 2320 844 2386 Sibyllina
886 2323 1070 2370 oracula

54 2406 249 2468 reperire
269 2406 539 2468 potuissent.
572 2402 632 2450 Hi
658 2403 793 2468 legati
812 2403 937 2451 mille
966 2422 1070 2452 ver-

57 2504 133 2534 sus
167 2486 457 2550 propheticos
484 2488 761 2533 existimatos
788 2485 984 2533 Romam
1000 2495 1069 2533 at-

55 2568 258 2615 tulerunt
282 2604 297 2630 ,
331 2569 413 2632 qui
438 2566 591 2615 denuo
617 2569 666 2614 in
706 2566 933 2631 Capitolio
969 2584 1072 2614 reae-

57 2648 240 2697 dificato
283 2650 492 2696 collocati
538 2659 645 2696 sunt
684 2665 698 2710 3
745 2658 790 2696 et
842 2651 906 2696 sic
956 2650 1069 2696 ratio

59 2731 263 2778 redditur
276 2731 332 2778 de
348 2729 627 2777 carminibus
643 2729 827 2794 Sibyllae
845 2729 1069 2777 Cumanae
1105 2747 1110 2751 ⁴

59 2829 84 2860 a
101 2811 292 2876 Virgilio
317 2814 578 2869 recensitis,
615 2827 722 2858 cum
755 2821 863 2859 teste
890 2811 1068 2872 Tacito,

21 2884 29 2890 ”
61 2890 200 2940 Hisc.
221 2894 308 2940 lib.
328 2911 374 2952 v,
394 2909 492 2957 cap.
519 2891 575 2939 13
595 2891 888 2952 etSuetonio,
913 2893 997 2940 lib.
1013 2909 1069 2955 11,

61 2991 163 3038 cap.
202 2973 290 3038 14,
312 2973 498 3023 Oriente
514 2985 607 3022 toto
635 2974 894 3039 pervulgata
917 2978 1073 3039 opinio

62 3072 140 3103 seu
164 3060 313 3119 potius
338 3057 518 3103 traditio
541 3057 677 3105 fuerit
694 3056 751 3103 de
770 3072 932 3120 magno
952 3056 1073 3122 Rege

72 3153 124 3183 ex
151 3135 307 3183 Judaea
337 3137 596 3201 profecturo
625 3174 637 3196 ,
660 3140 740 3202 qui
772 3155 925 3185 rerum
954 3140 1074 3201 poti-

72 3227 223 3275 retur,
241 3234 340 3281 quae
360 3219 477 3264 inter
506 3216 733 3283 Sibyllina
771 3221 972 3266 carmina
1001 3237 1074 3267 re-

70 3297 161 3346 lata
192 3308 256 3346 est
268 3333 283 3358 ,
305 3300 437 3364 cujus
454 3301 664 3349 meminit
690 3298 926 3364 Virgilius.
945 3299 1075 3348 Guil-

73 3379 240 3428 lelmus
268 3379 536 3443 Beveregius
550 3384 748 3430 carmina
781 3381 1009 3447 Sibyllina
1033 3385 1084 3431 in

75 3466 164 3509 tres
193 3461 353 3509 classes
382 3461 646 3523 distribuit;
679 3465 825 3527 prima
864 3465 1085 3529 complec-

75 3543 186 3589 titur
213 3544 410 3607 genuina
437 3544 570 3591 anuis
610 3541 673 3609 76
714 3555 817 3593 ante
849 3545 1086 3595 Christum

78 3622 344 3685 combusta3
388 3624 525 3672 altera
567 3624 764 3674 subinde
795 3644 821 3674 a
867 3627 1088 3678 Romanis

158 3703 223 3760 T.
272 3704 316 3761 Ι.

1149 1338 1371 1400 collecta,
1392 1357 1591 1406 quorum
1619 1342 1872 1408 fragmenta
1903 1344 2027 1409 apud
2061 1344 2163 1394 Plu·

1146 1421 1359 1468 tarchum
1377 1458 1390 1481 ‚
1427 1421 1680 1471 Varronem
1700 1459 1713 1482 ,
1749 1424 1955 1472 Tullium
1978 1464 1991 1486 ‚
2019 1426 2166 1492 Virgi-

1148 1502 1264 1550 lium
1280 1513 1743 1570 occurrunt‚quaeque
1757 1505 2003 1572 Stylicon.v
2019 1526 2162 1557 saecu-

1144 1583 1215 1642 lo,
1241 1594 1352 1632 teste
1393 1584 1566 1634 Rutilio
1587 1585 1863 1635 Numatiano
1879 1626 1893 1649 ,
1910 1586 2171 1638 Itinerarii

1145 1662 1235 1713 lib.
1267 1682 1299 1712 11
1322 1703 1334 1726 ‚
1362 1652 1562 1716 flammis
1590 1669 1776 1716 tradidit
1796 1686 1810 1730 ;
1828 1675 1956 1719 tertia
1976 1672 2167 1720 demum

1153 1747 1306 1795 classis
1323 1784 1336 1807 ,
1361 1764 1462 1812 quae
1491 1758 1606 1797 tom.
1630 1767 1664 1808 1,
1686 1750 1822 1799 Bihl.
1847 1752 2060 1800 Patr-um
2089 1757 2164 1801 in-

1153 1838 1267 1875 serta
1308 1839 1415 1876 suut
1446 1866 1459 1888 ,
1497 1830 1668 1896 quibus
1696 1831 1802 1879 addi
1828 1833 2001 1882 debent
2026 1852 2052 1882 a
2093 1835 2164 1884 Cl.

1152 1907 1274 1957 Maio
1305 1910 1501 1973 vulgata.
1545 1910 1613 1959 Ex
1637 1911 1850 1963 Patribus
1888 1932 1939 1962 ea
1968 1917 2168 1965 citarunt

1150 1990 1178 2037 J
1183 1992 1358 2038 ustinus
1383 2028 1396 2050 ‚
1416 1990 1724 2055 Athenagoras
1747 2030 1759 2051 ‚
1775 1994 2059 2059 Theophilus
2071 1997 2167 2045 An-

1150 2072 1389 2120 tiochenus
1426 2110 1439 2131 ‚
1481 2072 1744 2122 Lactantius
1782 2077 1968 2141 aliique.
2008 2077 2167 2126 Celsus

1151 2153 1274 2218 apud
1321 2152 1565 2218 Origenem
1583 2188 1599 2213 ‚
1646 2153 1727 2204 lib.
1771 2174 1798 2201 v
1819 2194 1832 2215 ,
1881 2175 1931 2206 n.
1972 2156 2032 2205 61
2061 2195 2075 2216 ‚
2123 2166 2169 2208 et

1148 2232 1234 2281 lib.
1262 2251 1327 2282 vu
1342 2269 1357 2291 ‚
1377 2253 1429 2283 n.
1461 2232 1526 2282 56
1544 2271 1557 2295 ‚
1584 2234 1870 2286 Christianos
1895 2239 2167 2304 Sz'hyllistas

1152 2325 1312 2376 vocat,
1343 2316 1468 2382 quod
1507 2319 1699 2365 istorum
1732 2323 1990 2369 carminum
2014 2334 2169 2371 aucto-

1150 2401 1283 2452 ritate
1313 2409 1566 2448 uterentur.
1596 2399 1736 2449 Cous,
1771 2401 1983 2467 Bevereg.
2011 2405 2170 2454 Codex

1153 2495 1260 2528 can.
1284 2479 1370 2529 lib.
1399 2497 1433 2541 1,
1457 2498 1560 2545 cap.
1586 2479 1663 2545 14,
1690 2493 1800 2531 tom.
1830 2501 1899 2548 ¹¹3
1930 2489 1979 2533 in
2000 2485 2161 2553 Georg.

1153 2560 1274 2609 Bulli
1291 2563 1491 2611 Primit.
1513 2571 1558 2611 et
1572 2563 1788 2630 Apo-stol.
1805 2567 1932 2616 trad.
1950 2568 2008 2615 de
2026 2569 2067 2616 J
2070 2605 2082 2618 .
2107 2569 2165 2621 C.

1153 2643 1409 2691 divinitate
1425 2653 1604 2693 asserta
1621 2681 1636 2707 ‚
1652 2656 1742 2695 etc.
1759 2665 1802 2695 c.
1819 2646 1869 2723 43
1886 2647 1912 2714 ἓ
1928 2651 1956 2698 3
1974 2660 2017 2697 et
2031 2668 2164 2717 seqq.

1159 2724 1343 2773 Collect.
1364 2729 1576 2774 Patriam
1591 2728 1642 2775 A
1640 2738 1765 2793 post.
1791 2729 1837 2777 J.
1860 2730 1912 2778 Β.
1930 2730 2165 2794 Cotelerii‚

1156 2806 1309 2855 Antw.
1349 2806 1475 2874 1698
1493 2826 1507 2871 3
1527 2808 1706 2857 Fabric.
1730 2809 1863 2857 Bibl.
1890 2828 1965 2874 qr.
1993 2822 2108 2874 tom,
2129 2832 2164 2873 1,

1157 2905 1195 2936 c.
1214 2904 1507 2955 29‚pag.227
1524 2899 1567 2938 et
1585 2891 2010 2956 seqq.edit.Hamb.
2024 2910 2163 2961 1790.

1156 2966 1244 3018 Sed
1275 2973 1563 3034 potissimum
1601 2989 1659 3019 ex
1692 2972 1938 3022 Catholicis
1957 2974 2169 3026 Gallaudi

1156 3051 1246 3099 loc.
1278 3054 1357 3101 cit.
1383 3062 1426 3100 et
1446 3052 1506 3101 D.
1537 3053 1809 3102 Prudentius
1843 3055 2000 3105 Maran
2030 3059 2170 3108 Mau·

1157 3135 1286 3183 rinus
1305 3172 1317 3194 ‚
1335 3130 1483 3198 Proef.
1513 3134 1578 3182 ad
1601 3135 1640 3182 J
1642 3138 1793 3184 ustin.
1829 3140 1997 3200 passim
2017 3177 2030 3199 ‚
2052 3142 2162 3189 edit.

1158 3221 1338 3269 Parisiis
1374 3216 1533 3284 17423
1565 3217 1733 3283 quihus
1762 3218 1976 3268 levissimi
2007 3239 2168 3271 recen-

1157 3304 1292 3351 tiores
1313 3301 1475 3348 biblici
1503 3310 1799 3364 protestantes
1815 3312 1859 3350 et
1875 3304 2169 3352 rationalistae

1165 3383 1436 3433 refelluntur
1463 3384 1512 3429 in
1543 3381 1624 3429 illa
1651 3384 1812 3448 jejuna
1839 3386 2099 3450 conjectura
2116 3386 2174 3434 de

1168 3463 1338 3530 Sibylla
1350 3464 1650 3528 portendente
1665 3474 1843 3514 aetatem
1867 3483 2049 3514 auream
2066 3466 2148 3515 abs
2159 3494 2173 3502 -

1170 3565 1260 3613 que
1284 3542 1377 3594 ulla
1406 3546 1463 3594 ad
1487 3545 1719 3595 Christum
1754 3548 1990 3596 relatione.

1900 3710 1935 3766 7
