2554 4140
329 144 407 202 90
988 164 1056 202 ns
1101 164 1249 204 VERA
1294 167 1413 206 aaz.
1464 169 1605 209 ων.
1656 169 1812 208 mea.

331 310 545 368 abusus
592 308 768 373 fuerit
818 307 1159 367 Judaeorum
1204 310 1596 393 simplicitate.
1640 313 1710 370 Et
1746 324 1950 372 tamen
1992 316 2088 374 isti
2142 316 2478 376 Christiano

328 405 518 463 adhuc
558 404 802 463 nomine
842 404 1202 485 gloriantur7
1256 418 1315 467 et
1352 408 1597 490 impune
1647 407 2004 489 theologiam
2061 412 2124 470 in
2164 412 2475 472 academiis

332 499 608 559 tradunt!
655 501 804 560 Cum
835 502 1012 581 igitur
1037 515 1256 585 praeter
1280 526 1446 562 suam
1484 505 1897 586 impudentem
1929 507 2312 567 assertionem
2340 507 2481 567 nul-

325 597 443 656 lam
484 595 710 656 adferat
749 597 1163 679 probationem
1196 645 1212 673 ,
1252 622 1376 658 non
1420 611 1509 659 est
1538 621 1640 659 cur
1675 601 1767 660 hic
1802 602 2037 684 tempus
2071 614 2331 662 teramus
2357 603 2467 685 (l).

407 691 549 751 220.
594 695 745 752 Inst.
777 695 840 752 10
873 696 1076 753 Varius
1106 707 1194 754 est
1218 696 1645 777 prophetarum
1671 697 1853 779 stylus
1879 721 1986 779 pro
2013 697 2245 759 diverso
2272 720 2478 758 eorum

326 790 560 870 ingenio
598 801 659 850 et
695 790 1064 850 educatione.
1110 792 1180 849 20
1216 792 1352 850 Sine
1398 791 1593 875 aliquo
1633 806 1922 876 apparatu
1957 794 2315 876 prophetare
2354 816 2477 853 non

325 885 528 948 valent
553 933 569 964 ,
615 898 683 945 ut
720 887 965 967 contigit
1004 887 1207 946 Elisaeo
1235 888 1347 968 (IV
1380 889 1518 967 Reg.
1555 891 1635 947 111
1658 935 1674 963 ‚
1711 891 1848 971 15).
1881 890 1949 949 30
1984 891 2272 949 Institutae
2307 891 2479 952 inve-

327 985 574 1043 niuntur
608 983 768 1064 apud
809 982 1086 1043 Hebraeos
1123 982 1552 1065 prophetarum
1586 985 1835 1061 scholae.‚
1866 987 1930 1044 in
1966 986 2179 1069 quibus
2215 1009 2308 1046 ars
2346 1009 2477 1067 pro-

325 1079 615 1163 phetandi
645 1077 1022 1152 tradebatur3
1062 1078 1202 1137 hinc
1246 1090 1306 1137 et
1338 1100 1476 1158 grex
1514 1079 1942 1160 prophetarum
1978 1104 2288 1142 occurrens
2322 1081 2482 1141 Sauli

328 1179 350 1253 (
382 1178 404 1235 I
442 1178 581 1255 Reg.
614 1176 739 1255 X)3
777 1174 843 1232 40
871 1174 1014 1232 hinc
1046 1174 1427 1233 enthusiastae
1460 1175 1704 1256 quidam
1727 1197 1799 1236 ex
1822 1178 1961 1258 ipsis
1991 1177 2265 1238 indecora
2292 1189 2485 1260 patra-

325 1271 510 1346 bant.j
550 1283 617 1329 ut
655 1282 808 1331 esset
843 1270 1009 1331 nude
1052 1271 1325 1330 incedere
1352 1271 1467 1350 (Is.
1494 1273 1655 1351 XX).
1699 1274 1848 1354 Ergo
1874 1273 2091 1334 divinae
2131 1273 2482 1335 revelationi

326 1367 636 1450 prophetia
667 1366 916 1426 adscribi
959 1389 1083 1426 non
1118 1365 1318 1427 debet.

409 1465 556 1523 221.
606 1467 780 1547 Resp.
813 1464 889 1523 ad
923 1465 1035 1540 lm,
1070 1464 1216 1538 Quia
1248 1467 1401 1523 Deus
1444 1463 1835 1545 probabiliter
1867 1488 1990 1524 non
2027 1487 2261 1549 semper
2302 1465 2483 1527 verba

328 1562 594 1641 singula,
658 1562 762 1621 sed
803 1582 1045 1620 sensum
1093 1572 1160 1619 ut
1215 1560 1542 1643 plurimum
1587 1562 1892 1644 prophetis
1938 1561 2244 1638 tradebat,
2288 1585 2480 1637 cone„-

328 1680 528 1734 secus7
566 1659 824 1718 subdist.
867 1659 1002 1739 quia
1033 1660 1190 1717 Deus
1218 1656 1398 1718 verba
1438 1656 1667 1717 dictans
1710 1680 1836 1718 sese
1870 1658 2117 1719 diversae
2154 1659 2480 1741 propheta-

328 1777 463 1813 rum
499 1755 684 1813 indoli
720 1753 1206 1814 accommodabat
1228 1800 1243 1829 ,
1285 1776 1477 1828 conc.‚·
1514 1755 1651 1835 quia
1679 1776 1753 1814 ex
1787 1757 1913 1837 ipso
1951 1777 2075 1813 non
2118 1766 2289 1815 erant
2325 1754 2482 1815 edita

327 1851 602 1910 vaticinia
626 1897 641 1927 a
693 1873 825 1932 neq.
863 1851 994 1912 Nec
1021 1854 1188 1910 enim
1231 1852 1434 1924 h0m0,
1477 1849 1672 1933 inquit
1702 1852 1761 1910 S.
1799 1851 2051 1911 Thomas
2091 1850 2180 1933 (2)
2203 1895 2219 1927 ,
2251 1874 2323 1911 esc
2348 1873 2484 1933 ope-

329 1953 564 2008 ratione
600 1950 819 2008 divina
853 1951 1230 2008 immutatur
1260 1954 1431 2008 circa
1448 1949 1862 2030 prophetiam.

402 2197 467 2262 (1)
483 2196 542 2244 In
561 2203 675 2245 nota
697 2197 754 2261 (o)
774 2197 968 2246 scribit:
991 2194 1081 2246 Sic
1104 2193 1362 2262 Josephus,
1450 2198 1677 2261 paritione
1731 2196 1791 2245 ab
1841 2196 2060 2245 omnibus
2100 2207 2349 2262 conspecta
2405 2212 2486 2262 per

331 2281 689 2348 interpretandi
716 2299 870 2347 qenus
899 2280 1088 2330 Jadaeis
1130 2283 1366 2329 usitatum
1451 2278 1606 2345 plures
1623 2279 1760 2327 horas
1780 2278 1797 2343 (
1815 2279 1953 2328 ethic
1976 2280 2166 2328 videant
2182 2279 2485 2328 rationalistae

331 2374 559 2430 sequutus
575 2400 591 2424 ‚
616 2362 980 2430 Vespasianum
995 2363 1209 2413 oraculis
1226 2366 1365 2412 Mes·

330 2450 493 2495 sianis
502 2447 733 2513 portendi
752 2447 895 2512 (Bell.
911 2448 1029 2514 jud.
1051 2448 1138 2496 lib.
1158 2444 1330 2513 v1,§4)
1351 2484 1364 2506 ,

340 2530 563 2597 Cyrillas
605 2529 766 2580 Jews,
798 2548 890 2579 sua
922 2534 1026 2597 ipse
1058 2530 1166 2596 fata
1196 2547 1227 2577 a
1249 2547 1369 2596 pro-

304 2615 307 2618 ’
324 2614 488 2681 phetis
521 2614 761 2680 praedicta
792 2615 951 2680 fuisse
994 2616 1223 2681 opinatus
1282 2622 1369 2663 est.

335 2697 528 2747 Sozom.
547 2697 662 2747 hist.
682 2698 767 2746 lib.
790 2715 860 2759 w,
884 2696 938 2761 53
956 2698 1161 2746 Ammon
1177 2733 1194 2760 ,
1214 2695 1369 2745 Bibli.

334 2779 496 2841 theol„
527 2798 558 2828 n
581 2817 597 2842 ,
634 2777 703 2829 86
734 2791 778 2829 et
806 2797 932 2848 seq.;
972 2780 1178 2828 Eichorn
1197 2817 1211 2840 ‚
1239 2780 1375 2829 Aus-

328 2862 489 2926 fzihrl.
517 2863 721 2913 Unterr.
736 2880 749 2911 ι
763 2861 829 2913 56
848 2873 894 2913 et
911 2882 1045 2930 seqq.
1068 2863 1240 2929 Briefe
1258 2863 1377 2911 iiber

336 2944 431 2992 den
466 2945 866 3006 raficualismus,
909 2963 1002 2994 221
1038 2957 1082 2995 et
1108 2965 1239 3013 seqq.
1283 2946 1374 2994 Sed

338 3030 374 3075 si
390 3026 418 3075 J
421 3027 628 3092 osephus
646 3028 913 3077 incredibili
928 3031 1237 3078 assentatione
1260 3047 1373 3077 con-

338 3120 409 3158 tra
435 3113 652 3158 omnium
673 3127 769 3159 suae
798 3114 946 3176 gemis
972 3129 1160 3160 sensum
1184 3129 1371 3160 accom-

338 3193 547 3241 modavit
584 3194 769 3241 oracula
798 3194 1027 3242 Messiana
1053 3193 1366 3260 Vespasiano,

338 3293 445 3341 ergo
477 3286 521 3323 et
551 3275 761 3324 Christus
787 3276 915 3324 hunc
938 3295 1117 3326 morem
1149 3289 1373 3343 sequutus

339 3369 406 3407 est
438 3359 449 3405 Ξ
489 3357 604 3405 Mira
652 3359 1048 3407 rationalistarum
1085 3360 1324 3408 dialectica
1358 3361 1368 3407 ἱ

342 3441 528 3490 Falsum
567 3457 704 3505 porro
737 3451 803 3489 est
837 3441 1071 3509 Cyrillum
1097 3442 1247 3491 Jews·
1272 3446 1373 3508 opi-

347 3534 514 3572 natum
540 3524 682 3572 fuisse
711 3524 802 3572 sata
833 3542 913 3573 sua
948 3544 972 3573 a
1011 3526 1244 3592 prophetis
1261 3543 1376 3591 prae-

340 3608 463 3655 dicta
485 3626 498 3670 ;
525 3626 678 3674 neque
712 3608 759 3656 id
795 3608 934 3656 tradit
960 3606 1244 3659 Sozomenus
1264 3646 1276 3668 ‚
1295 3611 1371 3658 sed

340 3689 481 3737 relata
512 3693 710 3755 ingentis
742 3691 892 3739 crucis
912 3694 961 3739 in
989 3695 1102 3742 aeris
1126 3696 1367 3757 sp'atioap-

1454 2380 1515 2410 an
1532 2380 1743 2427 unquam
1762 2364 1897 2428 signa
1929 2361 2189 2410 defecerint
2208 2364 2255 2409 in
2284 2362 2488 2410 Ecclesia

1455 2445 1712 2506 catholica)
1741 2482 1755 2505 ‚
1813 2444 1975 2492 subdit
2015 2445 2196 2510 aliquos
2241 2446 2488 2494 asseruisse

1455 2528 1559 2577 haec
1584 2530 1634 2576 in
1658 2530 1799 2576 sacris
1821 2528 1953 2575 libris
1973 2529 2086 2575 olim
2106 2529 2322 2593 praedicta
2341 2528 2488 2576 fuisse

1457 2629 1540 2677 per
1560 2612 1769 2659 divinam
1792 2611 2046 2677 quamdam
2083 2611 2389 2676 prophetiam.
2411 2610 2485 2657 En

1460 2695 1600 2744 verba
1641 2694 1825 2742 Sozom.
1866 2695 1959 2742 loc.
2003 2697 2079 2742 cit.
2123 2711 2137 2741 :
2177 2689 2392 2752 Ἐλέγετο
2432 2690 2488 2744 δὲ

1461 2775 1585 2844 πειραὶ
1622 2783 1702 2827 ’τῶν
1737 2774 1796 2826 ‘roi
1829 2775 1989 2826 τοιοίδε
2031 2772 2332 2839 ἕπιστημὸνων
2364 2774 2490 2825 κατ-οἶ

1462 2884 1560 2910 τινα
1586 2859 1858 2928 προφητείαν
1889 2857 2021 2909 θείειν
2040 2858 2194 2909 mima
2217 2863 2365 2907 ταῦτα
2382 2879 2490 2925 προ-

1462 2945 1725 3009 μεμηνύθοιι
1766 2948 1800 2994 ἐν
1827 2945 1931 2998 ταῖς
1965 2944 2102 3010 ἱεραῖς
2131 2939 2329 3002 βίβλοις.
2365 2942 2490 2991 Talis

1463 3042 1530 3079 est
1552 3031 1668 3078 fides
1693 3034 1890 3077 istorum
1923 3030 2130 3077 virorum
2159 3027 2386 3084 Ammon,
2407 3023 2488 3071 Ei-

1462 3114 1634 3173 chorn‚
1652 3123 1737 3160 etc.
1749 3150 1762 3174 ‚
1780 3115 1862 3178 qui
1876 3110 2111 3159 habentur
2126 3108 2491 3157 utrationalismi

1463 3196 1733 3244 fundatores
1760 3198 1771 3245 !

1533 3280 1594 3342 (³2)
1633 3276 1683 3326 S.
1715 3277 1886 3324 Thom.
1932 3277 2024 3324 loc.
2055 3278 2135 3323 cit.
2171 3284 2255 3322 art.
2291 3272 2341 3319 3.
2370 3270 2429 3318 ad
2460 3286 2490 3317 1.

1464 3361 1603 3409 Conf.
1638 3371 1683 3409 et
1702 3360 1827 3407 Huet
1854 3359 2114 3407 Demonst.
2148 3372 2319 3418 evanq.
2353 3369 2489 3418 prop.

1462 3462 1547 3491 vni
1568 3482 1580 3502 ‚
1615 3443 1698 3491 ubi
1728 3445 1779 3490 in
1812 3445 2038 3490 sententia
2074 3441 2134 3488 de
2159 3439 2317 3486 divina
2350 3436 2494 3498 inspi-

1463 3530 1642 3574 ratione
1674 3526 1829 3590 quoad
1859 3524 2047 3589 singula
2082 3523 2223 3571 verba
2260 3519 2318 3566 ad
2355 3519 2492 3565 ratio-

1464 3628 1571 3657 nem
1608 3608 1897 3657 reddendam
1926 3606 2200 3656 diversitatis
2223 3601 2328 3667 styli
2350 3637 2365 3661 ‚
2390 3614 2492 3665 quae

1454 3696 1502 3740 in
1526 3693 1718 3756 singulis
1753 3692 1989 3757 prophetis
2013 3688 2209 3737 habetur
2234 3724 2247 3744 ‚
2283 3685 2371 3732 hac
2386 3680 2489 3747 pul-
