2554 4140
338 126 456 186 304

970 149 1037 183 DE
1088 147 1234 185 VERA
1286 149 1405 185 REL.
1449 149 1583 187 Anv.
1638 152 1835 190 HETER.

419 294 560 353 225.
606 290 831 351 Semler
877 300 1184 373 oppugnat
1228 291 1670 374 inspirationem
1728 294 2164 374 Scripturarum
2191 340 2208 372 ‚
2269 298 2466 380 plures

337 389 518 450 libros
551 389 833 469 expungit
872 408 903 445 e
944 407 1205 461 canone,
1253 389 1425 446 Vetus
1473 389 1916 447 Testamentum
1957 389 2019 446 in
2061 402 2464 475 contemptum

337 481 577 541 adducit
597 527 613 557 ,
653 484 899 563 opponit
924 480 1494 562 religionitexteriori
1533 504 1597 540 ac
1628 481 1874 563 publicae
1901 482 2035 542 fidei
2075 484 2465 546 ecclesiasticae

335 577 677 657 religionem
705 577 1049 636 interiorem
1088 590 1146 635 et
1183 577 1468 636 moralem
1515 578 1805 657 privatam
1843 580 1956 657 (l)
2003 581 2233 638 Gruner
2267 583 2467 640 asserit

338 672 885 746 Christianismum7
916 676 1039 750 jam
1081 672 1190 731 sub
1232 674 1411 732 finem
1455 672 1649 731 saeculi
1687 674 1744 748 I,
1791 675 1851 731 in
1895 675 2010 735 suis
2051 675 2467 757 principalibus

340 768 621 828 doctrinis
643 790 747 850 per
765 768 1092 826 doctrinam
1110 767 1460 849 platonicam
1482 767 1654 826 fuisse
1671 781 2037 850 corruptum,
2065 782 2238 851 atque
2258 771 2468 829 idcirco

337 867 526 944 rejicit
552 865 865 924 christiana
903 865 1198 944 mysteria.
1233 861 1595 921 Eckermann
1630 865 1934 923 contendit
1972 865 2302 925 doctrinam
2330 869 2470 926 Jesu

337 961 488 1022 nihil
513 960 781 1042 amplius·
810 981 932 1017 esse
969 980 1148 1039 quarn
1195 957 1543 1038 popularem
1587 960 2037 1021 instructionem
2078 962 2152 1020 ad
2189 962 2470 1022 moralem

338 1071 399 1119 et
434 1055 840 1117 rationabilem
871 1053 1097 1112 cultum
1130 1053 1271 1126 Dei3
1311 1053 1553 1134 insuper
1583 1055 1893 1134 Evangelia
1919 1079 2043 1116 esse
2075 1071 2345 1140 corrupta
2367 1104 2382 1132 ‚
2411 1070 2471 1118 et

337 1154 680 1237 apostolicas
715 1149 998 1231 Epistulas
1033 1148 1203 1206 falsas
1227 1149 1527 1207 continere
1558 1149 2074 1230 interpretationes
2115 1165 2174 1212 et
2216 1176 2467 1214 errores,

338 1248 545 1309 Henke
560 1244 934 1328 quaerebatur
950 1244 1024 1303 de
1050 1244 1225 1302 nimis
1252 1242 1442 1302 adhuc
1466 1242 1707 1302 dilatata
1733 1246 2140 1307 elm’z'scolatrz‘a
2167 1260 2470 1331 tamquam

339 1345 412 1405 de
426 1342 855 1426 impedimento
873 1363 1099 1421 magnae
1120 1352 1179 1399 et
1194 1339 1471 1400 beneficae
1490 1343 1877 1400 revolutionis
1895 1343 1955 1400 in
1973 1345 2144 1403 rebus
2167 1345 2468 1427 religiosis,

338 1440 751 1523 Wegscheider
773 1483 788 1514 ‚
818 1443 904 1516 cuj
916 1460 979 1496 us
1000 1438 1190 1520 operis
1220 1437 1563 1517 dogmatici,
1593 1437 1749 1518 quod
1779 1438 2079 1498 classicum
2109 1442 2271 1523 apud
2294 1444 2471 1502 ratio—

338 1539 579 1598 nalistas
620 1535 822 1612 audit,
866 1556 1016 1616 saepe
1050 1535 1111 1591 in
1147 1533 1327 1615 priori
1359 1532 1529 1610 hujus
1574 1544 1854 1591 tractatus
1894 1546 2059 1616 parte
2112 1538 2474 1597 mentionem

338 1637 583 1697 fecimus
604 1681 618 1709 .
644 1631 1150 1716 supernaturalem
1168 1629 1586 1691 revelationem
1607 1630 1849 1690 minime
1874 1635 2259 1693 necess-ariam
2282 1680 2297 1708 7
2328 1637 2470 1716 quin

339 1736 460 1794 imo
482 1730 903 1813 impossibilem
933 1729 1209 1789 declarat.
1247 1727 1335 1787 Ad
1358 1727 1635 1787 eumdem
1660 1749 1898 1787 censum
1928 1732 2228 1811 pertinent
2256 1733 2471 1804 Roehr.,

339 1830 599 1889 Boehme
620 1875 633 1900 7
661 1825 954 1885 Schultess
974 1870 989 1899 a
1021 1847 1128 1884 nec
1157 1846 1280 1882 11011
1304 1823 1507 1882 Schott
1526 1868 1543 1891 .
1573 1824 2017 1884 Bretschneider
2054 1838 2112 1885 et
2142 1827 2217 1886 de
2244 1830 2460 1902 Wetteq

343 1928 442 2009 qui
482 1937 811 2007 postremus
840 1924 903 1981 in
950 1919 1319 2001 dogmatibus
1347 1918 1676 1979 christianis
1708 1942 1828 1978 non
1857 1921 2016 1979 aliud
2060 1922 2220 1982 videt
2256 1936 2468 2006 praeter

343 2022 779 2105 expressionem
827 2016 1206 2100 symbolicam
1255 2014 1655 2094 religiosarum
1701 2014 1985 2076 idearum.
2038 2018 2258 2099 Utpote
2310 2021 2472 2078 omni

342 2119 713 2177 humanitate
754 2125 1057 2196 experteS‚
1098 2110 1541 2191 incredibilique
1575 2114 1899 2193 arrogantia
1952 2126 2286 2190 tumentes7
2329 2116 2472 2175 doc-

344 2215 529 2273 trinas
562 2212 909 2272 christianas
935 2209 1187 2290 aggressi
1222 2218 1361 2266 sunt
1386 2205 1648 2266 Basedon
1675 2219 1734 2266 et
1763 2209 1889 2270 Car.
1923 2210 2075 2271 Frid.
2108 2211 2328 2271 Bahrdt
2361 2213 2471 2293 (2).

347 2421 570 2483 scriptum
595 2418 815 2467 volumen
835 2455 848 2476 ‚
875 2417 1002 2484 quod
1028 2416 1231 2464 Danielis
1277 2432 1365 2462 no-

347 2504 476 2550 mine
505 2502 790 2549 inscribitur.
820 2501 889 2547 Ad
922 2501 1245 2566 gravissimam
1262 2514 1368 2545 vero

348 2582 520 2632 Christi
536 2584 645 2632 Jesu
662 2585 998 2643 auctoritatem,
1022 2584 1123 2647 qui,
1146 2581 1370 2629 referente

349 2666 554 2715 Mattheo
604 2666 746 2730 (cap.
801 2683 908 2712 xxiv
930 2702 943 2724 ‚
997 2662 1054 2712 15
1082 2665 1095 2725 )
1127 2672 1172 2711 et
1208 2662 1370 2709 Marco

350 2752 481 2815 (cap.
507 2763 590 2796 xm
610 2784 623 2804 ‚
651 2746 709 2812 14
727 2750 744 2805 )
761 2784 773 2807 ,
801 2748 1142 2813 praedictionem
1164 2783 1176 2804 ‚
1197 2761 1298 2811 quae
1321 2747 1370 2792 111

349 2831 542 2879 Daniele
580 2831 698 2879 libro
745 2848 845 2895 cap.
883 2848 927 2877 111
954 2868 967 2890 ,
1006 2846 1068 2894 27
1118 2829 1283 2893 legitur
1314 2827 1371 2875 de

351 2915 508 2962 futuro
546 2914 707 2980 templi
736 2912 1112 2979 Jerosotymitani
1152 2912 1328 2960 excidio
1350 2944 1366 2969 ‚

352 2996 536 3050 Danieli
582 2998 814 3062 prophetae
867 2995 1062 3057 tribuit,
1129 2993 1371 3059 respondet

351 3079 511 3129 Jesum
552 3097 607 3147 ex
634 3090 814 3144 recepta
841 3090 955 3127 111116
985 3078 1238 3144 aequalium
1266 3092 1373 3124 suo-

353 3180 457 3210 rum
486 3164 711 3210 sententia
733 3162 981 3228 loquutum
997 3178 1123 3223 esse3
1151 3160 1210 3207 de
1228 3160 1373 3222 ipsius

354 3244 540 3292 scholiis
569 3244 759 3307 taceb03
786 3245 883 3293 vid.
911 3246 1185 3309 prooernium
1206 3239 1231 3307 S
1253 3241 1299 3288 3.

423 3325 493 3388 (l)
532 3325 810 3375 Recolantur
872 3328 1082 3391 superius
1126 3325 1265 3373 relata
1321 3350 1373 3380 ex

356 3425 493 3475 opere
527 3411 725 3457 ministri
769 3413 1059 3474 protestantis
1099 3411 1290 3461 Baronis
1318 3413 1376 3462 de

355 3491 529 3541 Starck.

425 3573 486 3638 (2)
527 3570 775 3621 Generalis
791 3571 1069 3623 bibliotheca
1083 3577 1382 3640 qermanica,

1457 2433 1624 2481 ganum
1649 2435 1700 2466 ac
1732 2418 1998 2467 vehiculum
2030 2423 2242 2468 omnium
2273 2422 2476 2486 aptisssi·

1457 2516 1588 2545 mum
1632 2499 1691 2546 acl
1738 2518 1897 2548 ornnes
1943 2499 2173 2566 ejusmodi
2220 2505 2474 2567 impietates

1457 2581 1842 2631 disseminandas.
1871 2582 2054 2650 Quique
2076 2585 2188 2631 alios
2219 2585 2411 2633 audacia
2431 2596 2477 2634 et

1458 2666 1694 2729 impietate
1722 2667 1995 2731 superabat,
2036 2670 2203 2732 primas
2235 2668 2433 2716 habebat
2457 2703 2470 2728 ,

1460 2757 1505 2796 et
1529 2750 1723 2795 summis
1748 2749 1963 2797 laudibus
1996 2752 2045 2797 in
2071 2750 2158 2798 hac
2187 2753 2379 2815 pessima
2411 2750 2478 2798 bi·

1458 2829 1687 2878 bliotheca
1710 2831 2027 2881 efferrebatur.
2057 2831 2175 2879 Cum
2196 2833 2479 2897 impossibile

1459 2916 1517 2960 sit
1546 2931 1716 2961 errores
1738 2951 1751 2972 ,
1785 2932 1899 2980 quos
1931 2917 2002 2962 isti
2038 2915 2293 2962 docuerunt
2325 2925 2369 2962 et
2394 2916 2478 2962 do-

1458 3006 1563 3045 cent
1586 3032 1600 3053 ,
1645 2995 1910 3059 singillatim
1935 2998 2145 3061 persequi
2171 3033 2183 3055 ,
2240 3006 2291 3043 ut
2325 2996 2478 3061 aliqua

1458 3078 1619 3126 saltem
1647 3078 1747 3125 idea
1781 3076 2008 3126 habeatur
2040 3081 2230 3126 istarum
2262 3081 2477 3143 impieta-

1461 3171 1586 3219 tum,
1632 3158 1781 3224 placet
1825 3178 1875 3207 ea
1931 3161 2130 3221 referre,
2181 3178 2282 3226 quae
2322 3160 2481 3207 scribit

1460 3243 1716 3291 Protestans
1743 3241 1881 3290 Joan.
1903 3242 2157 3309 Tremblay
2176 3278 2189 3302 ,
2225 3245 2274 3290 in
2306 3259 2382 3306 op.
2403 3245 2479 3291 cit.

1465 3324 1858 3374 Considerations
1902 3341 1989 3372 sur
2030 3323 2157 3371 I'etat
2191 3328 2386 3390 present
2413 3323 2480 3370 du

1461 3408 1848 3463 christiani-eme,
1894 3425 1998 3472 pag.
2049 3404 2112 3454 62
2152 3424 2187 3453 :·
2222 3405 2480 3453 Plusieurs

1455 3489 1789 3555 predicateurs
1813 3526 1826 3549 ‚
1860 3491 1923 3536 ait
1956 3492 2053 3553 ipse
2080 3493 2169 3548 (en
2195 3485 2478 3551 Allemagne)

1469 3589 1529 3620 ne
1553 3574 1688 3619 nient
1708 3589 1829 3637 paS,
1869 3572 1899 3619 ὰ
1933 3571 1981 3619 Ia
2008 3573 2155 3619 verite
2172 3609 2184 3630 ‚
2216 3570 2480 3617 l'em'stence

357 3655 416 3703 ab
445 3673 567 3704 anno
606 3651 732 3721 1768
754 3690 771 3717 ,
801 3656 1010 3705 medium
1055 3669 1153 3706 erat
1182 3661 1278 3707 sive
1307 3676 1383 3706 or-
1468 3654 1526 3702 de
1558 3652 1714 3715 Diem,
1752 3653 1799 3701 la
1824 3650 2145 3713 Provfflence,
2177 3668 2271 3699 ane
2300 3652 2375 3698 vie
2396 3651 2479 3714 fu-
