2554 4140
310 117 389 178 70
971 143 1040 178 nu
1082 142 1235 179 vaus
1278 142 1402 180 am„
1449 140 1584 181 Anv.
1633 141 1787 182 meu.

314 286 414 367 qui
445 286 564 346 haec
591 282 759 342 nobis
787 281 1053 342 obtrudit
1075 329 1090 359 ⁷
1118 282 1563 343 multitudinem
1594 305 1827 367 semper
1851 287 2170 352 coalescere
2197 314 2268 353 ex
2294 292 2430 354 solis

314 382 597 467 imperitis
657 379 768 459 (1).
826 377 1088 439 Addatur
1156 391 1437 460 praeterea
1499 380 1690 461 ipsam
1752 393 1999 442 eventus
2062 386 2435 449 insolentiam

314 480 541 542 efficere
580 487 760 537 testes
793 475 888 537 vel
923 487 1273 557 spectatores
1317 477 1655 536 attentiores
1700 476 1775 536 ad
1819 478 2014 560 ipsum
2049 481 2159 542 rite
2205 486 2437 544 exami-

313 573 580 635 nandum
615 582 674 632 et
710 571 1239 655 perpendendum,
1280 571 1527 655 ideoque
1564 574 1798 652 majoris
1831 575 2106 656 ponderis
2141 599 2264 639 esse
2291 625 2307 656 ‚
2339 602 2438 642 ce-

311 672 452 731 teris
492 669 731 754 paribus
759 715 776 744 ,
827 669 1095 750 ipsorum
1153 668 1556 728 testimonium
1592 671 1658 730 in
1707 671 1868 730 factis
1918 673 2388 735 extraordinariis
2416 695 2462 753 ,ν

310 789 489 852 quam
511 768 575 827 in
606 766 934 826 ordinariis,

397 863 536 923 182.
583 862 674 924 Ad
702 861 823 936 411¹,
869 861 1120 927 Trans-„-
1157 870 1216 919 et
1252 860 1388 918 dist.
1425 880 1587 920 conc.
1623 863 1681 922 Si
1719 874 1986 943 ageretur
2027 864 2101 924 de
2142 886 2311 926 causa
2342 867 2441 929 vel

307 958 525 1038 judicio
556 958 691 1017 facti
712 1003 728 1033 ‚
761 978 953 1023 cono.‚·
979 956 1030 1014 si
1064 954 1138 1015 de
1162 955 1315 1014 facto
1340 956 1500 1036 ipsc,
1540 978 1668 1038 neq.
1699 960 1782 1018 Ex
1815 972 2025 1019 natura
2057 983 2232 1043 porro
2269 963 2438 1040 facti,

315 1054 388 1115 de
431 1076 547 1137 quo
591 1053 794 1133 vulgus
837 1062 1088 1112 testatur
1118 1096 1134 1126 .‚
1195 1051 1475 1133 sapientis
1519 1052 1630 1111 erit
1663 1053 1947 1132 judicium
1988 1057 2139 1117 ferre
2168 1103 2184 1133 ⁷
2238 1069 2443 1119 utrum

314 1152 524 1232 vulgus
575 1150 764 1232 decipi
803 1148 1060 1232 potuerit
1094 1168 1203 1208 nec
1237 1169 1315 1207 ne
1337 1192 1354 1222 .,
1394 1146 1539 1207 dum
1578 1169 1763 1209 causae
1795 1152 2262 1233 praeternaturali
2294 1152 2442 1213 illud

316 1246 594 1307 adscribit
621 1245 727 1326 (2).

400 1342 539 1402 183.
589 1342 678 1402 Ad
702 1341 785 1400 5¹1¹
801 1386 817 1416 ,
850 1340 1012 1401 Idem
1036 1350 1159 1400 esto
1183 1360 1530 1421 responsum
1551 1386 1566 1416 ,
1600 1352 1660 1400 et
1684 1363 1812 1423 neq.
1841 1363 1999 1402 cons.
2028 1343 2254 1425 Nempe
2279 1365 2353 1404 ex
2373 1366 2448 1405 eo

318 1438 478 1521 quod
522 1438 796 1498 nonnulli
836 1448 1124 1513 eventus,
1180 1438 1278 1518 qui
1335 1449 1402 1496 ut
1448 1429 1780 1497 miraculosi
1816 1439 1891 1497 ad
1932 1438 2169 1522 aliquod
2212 1451 2446 1523 tempus

317 1534 505 1594 habiti
539 1547 713 1609 sunt,
743 1546 943 1617 postea
976 1546 1133 1594 recte
1172 1535 1291 1592 sint
1323 1533 1594 1616 explicati
1627 1534 1811 1616 (quos
1842 1546 2044 1594 tamen
2079 1535 2445 1597 adversarius

319 1631 566 1691 minime
587 1635 894 1711 recenset)
915 1677 931 1705 a
961 1631 1165 1690 inferri
1194 1629 1359 1688 nullo
1386 1641 1556 1711 pacto
1584 1641 1778 1713 potest
1805 1631 1884 1691 sic
1910 1653 2079 1714 posse
2102 1653 2305 1691 omnes
2337 1652 2449 1714 per

321 1747 519 1785 causas
553 1725 849 1786 naturales
887 1726 998 1786 rite
1032 1725 1339 1808 explicari3
1384 1747 1443 1785 V.
1492 1749 1544 1806 g.
1584 1747 1656 1785 ex
1692 1747 1796 1802 e0.,
1847 1726 2004 1808 quod
2044 1727 2327 1810 explicata
2369 1727 2446 1785 sit

320 1821 513 1904 aliqua
547 1833 843 1898 meteora,
888 1843 1018 1904 quae
1053 1821 1231 1903 vulgo
1262 1833 1329 1881 ut
1364 1821 1823 1904 supernaturalis
1866 1821 2223 1899 habebatur,
2263 1821 2445 1904 expli-

323 1921 439 1980 cari
466 1922 672 2003 nequit
711 1922 937 1980 sanatio
974 1921 1108 1981 caeci
1150 1920 1274 1978 nati
1312 1919 1409 1980 vel
1439 1920 1707 1979 excitatio
1741 1921 1939 1980 Lazari
1975 1941 2007 1980 e
2044 1920 2449 1993 mortuis3‘ast

322 2015 620 2081 dialectica
650 2039 772 2075 non
801 2029 889 2076 est
923 2017 1114 2098 prima
1149 2015 1645 2074 rationalistarum
1675 2027 1734 2075 et
1770 2015 2207 2076 incredulorum
2236 2015 2443 2076 virtus,

410 2110 547 2170 184.
594 2113 710 2172 Sed
748 2123 989 2194 praestat
1036 2111 1305 2193 populari
1343 2111 1476 2169 huic
1513 2122 1891 2189 argument0‚
1936 2112 2122 2192 petito
2169 2132 2240 2170 ex
2281 2111 2451 2191 igno-

325 2207 517 2266 rantia
550 2220 608 2268 et
644 2210 1057 2291 superstitione
1098 2220 1402 2281 veterum⁷
1436 2205 1596 2287 quod
1627 2217 1935 2288 tantopere
1979 2205 2296 2266 adversarii
2331 2211 2458 2283 jac-

325 2314 458 2362 tant
476 2349 491 2378 ,
522 2326 819 2386 apponere
850 2316 968 2364 tres
997 2304 1346 2386 quaestiones
1369 2349 1386 2378 7
1413 2325 1555 2385 quas
1581 2302 1811 2380 subjicit
1847 2301 2049 2361 doctus
2076 2301 2292 2360 Ruffini
2318 2300 2408 2380 (3)
2436 2323 2450 2358 :

412 2399 550 2460 185.
604 2402 666 2459 10
692 2401 810 2460 Cur
843 2412 978 2483 post
1015 2400 1229 2459 Christi
1259 2399 1583 2459 adventum
1617 2398 1857 2458 Judaica
1887 2420 2028 2480 gens
2049 2443 2066 2475 ‚
2105 2397 2212 2457 etsi
2250 2417 2457 2478 super-

328 2495 548 2557 stitiosa
599 2519 665 2557 ac
720 2498 1042 2579 generatim
1096 2496 1429 2577 ignorantia
1482 2495 1790 2571 laborans,
1857 2517 1967 2555 nec
2010 2494 2083 2555 ab
2129 2493 2456 2575 anticipatis

398 2831 464 2895 (l)
499 2829 780 2896 Exemplum
831 2839 926 2878 esto
970 2831 1020 2878 in
1070 2829 1352 2895 apparitione
1433 2837 1563 2893 gatur
1578 2826 1755 2874 Ruffini
1780 2827 1830 2873 in
1850 2826 2026 2891 egregio
2055 2826 2137 2873 cit.
2167 2839 2302 2888 opere
2321 2860 2334 2883 ,
2361 2824 2459 2871 Ri-

332 2915 480 2961 crucis
501 2950 514 2972 ,
546 2930 650 2978 quae
677 2913 987 2978 superioribus
1009 2916 1143 2961 annis
1161 2913 1353 2976 contigit
1426 2910 1645 2975 flessiom'
1671 2908 1870 2958 critiehe
1889 2943 1904 2972 ‚
1929 2907 2127 2956 Modena
2165 2903 2287 2955 1821
2321 2944 2333 2966 ‚
2376 2906 2462 2954 ubi

331 2995 454 3060 apud
493 2992 662 3059 Miqne
689 2997 739 3043 in
776 2994 922 3043 Gallia
956 2996 1007 3042 in
1040 2994 1220 3043 dioecesi
1249 2994 1352 3042 Pic-
1435 2995 1637 3043 ostendit
1668 3031 1681 3053 ‚
1729 3006 1880 3058 'quam
1920 2991 2102 3039 fallacia
2149 2991 2241 3037 sint
2289 2989 2461 3037 sunda·

334 3079 548 3138 taviensi‚
571 3080 647 3125 cui
673 3077 983 3125 interfuerunt
1001 3086 1165 3141 praeter
1187 3077 1352 3140 vulgus
1435 3087 1590 3124 menta
1638 3074 1923 3124 calculorum
1944 3111 1956 3132 ‚
2004 3072 2176 3139 quibus
2217 3071 2461 3138 subjicitur

331 3161 543 3226 plerique
571 3161 657 3208 viri
691 3159 848 3219 docti,
873 3176 970 3207 non
1001 3159 1153 3206 solum
1179 3176 1232 3207 ex
1254 3155 1353 3207 ‘Ca-
1434 3159 1728 3224 probabilitas
1791 3166 2041 3206 eventuum
2084 3155 2401 3202 humanorum
2444 3169 2460 3215 ς

332 3242 547 3301 melicis,
583 3241 665 3291 sed
699 3258 756 3290 ex
799 3243 911 3307 ipsis
954 3240 1313 3290 Protestantibus
1336 3277 1350 3302 ,
1435 3243 1687 3306 praesertim
1723 3241 1946 3287 memoria
1987 3235 2038 3299 4,
2086 3254 2192 3302 pag.
2243 3237 2333 3300 137
2367 3273 2380 3295 ‚
2419 3244 2463 3283 et

334 3327 415 3391 qui
444 3342 543 3373 rem
575 3310 784 3372 testatam
819 3324 1029 3372 fecerunt
1049 3361 1063 3384 ‚
1094 3331 1149 3371 ut
1183 3341 1237 3371 ex
1264 3340 1353 3388 pu·
1436 3342 1487 3389 p.
1531 3320 1623 3371 158
1655 3333 1697 3371 et
1725 3339 1858 3387 seqq.
1885 3319 2025 3368 Cons.
2063 3321 2233 3384 pariter
2264 3316 2424 3366 Gerdil
2443 3354 2458 3375 ‚

331 3407 466 3456 blicis
521 3407 815 3456 documentis
860 3415 1027 3454 notum
1080 3416 1165 3455 est.
1211 3405 1353 3454 Cons-
1437 3405 1616 3471 Saqyz‘o
1634 3403 1949 3452 d'istruzione
1963 3402 2325 3467 teoloqica,art.
2339 3397 2462 3446 della

332 3487 386 3536 E
380 3489 502 3555 pist.
530 3487 794 3556 pastoralis
820 3487 961 3536 Illmi.
993 3488 1053 3537 D.
1077 3488 1134 3537 de
1151 3488 1351 3546 Bouine,
1437 3488 1585 3536 storia
1609 3503 1794 3534 amana
1818 3524 1830 3546 ‚
1861 3504 1971 3551 opp.
2005 3486 2082 3535 ed.
2113 3484 2251 3533 Rom.
2278 3481 2374 3531 vol.
2409 3497 2459 3529 x.

331 3570 546 3638 Episcopi
564 3572 890 3633 Pictaviensis‚
929 3570 1034 3619 data
1057 3588 1179 3619 anno
1203 3568 1351 3635 1827.
1510 3568 1577 3634 (3)
1615 3569 1704 3635 Op.
1736 3571 1814 3617 cit.
1842 3586 1887 3634 p.
1925 3564 2040 3618 166.

400 3654 471 3720 (2)
509 3653 683 3704 Contra
712 3654 777 3703 La
801 3652 934 3703 Place
956 3664 999 3703 et
1025 3652 1089 3701 La
1116 3651 1253 3702 Croix
1286 3653 1356 3701 le·
