2554 4140
314 74 428 134 176
958 94 1026 130 nn
1071 93 1220 133 VERA
1263 94 1385 130 nnn.
1435 93 1568 133 Anv.
1619 94 1775 131 moa.

311 240 564 302 Ecclesia
607 238 812 320 quovis
844 237 1056 297 saeculo
1092 240 1361 298 examine
1398 238 1671 298 severiori
1711 223 2009 314 instituto,
2057 252 2185 300 tum
2216 242 2288 303 de
2326 243 2437 304 vir—

313 334 537 396 tutibus
582 334 644 392 in
697 332 878 413 gradu
916 332 1186 408 heroicQ
1231 344 1360 393 tum
1411 332 1484 392 de
1517 332 1808 392 miraculis
1855 333 2098 416 aliisque
2143 335 2310 397 donis
2347 359 2443 398 su-

311 430 823 513 pernaturalibuS‚
863 429 1059 510 plures
1090 430 1269 489 refert
1296 432 1358 488 in
1390 433 1699 490 Beatorum
1735 452 1799 490 ac
1834 432 2181 491 Sanctorum
2219 433 2438 492 album.

314 529 566 587 Istorum
601 538 760 608 gesta
789 536 847 586 et
886 538 1010 585 acta
1042 526 1117 585 ab
1157 527 1413 596 Ecclesia⁴
1441 527 1685 608 probata
1717 528 1940 611 sincero
1979 528 2177 586 animo
2210 529 2323 610 ipsi
2366 530 2446 590 le-

316 635 456 705 gant
479 634 537 682 et
560 622 900 704 expendant
930 644 1065 681 cum
1088 623 1206 681 suis
1240 622 1607 682 documentis
1629 669 1644 697 7
1674 635 1733 682 et
1759 635 1900 682 tunc
1921 669 1936 699 ,
1976 622 2249 682 omnibus
2283 624 2447 682 vanis

316 718 736 779 subtilitatibus
769 730 828 778 et
862 718 1261 800 paralogismis
1287 718 1691 799 praetermissis
1713 764 1728 791 ,
1776 742 1898 777 non
1920 720 2117 778 minus
2142 718 2215 778 de
2241 740 2446 797 eorum

316 816 564 877 veritate
603 815 874 874 certiores
910 815 1091 887 fient,
1132 835 1310 894 quam
1351 813 1423 872 de
1459 814 1737 895 peculiari
1769 815 1875 873 Dei
1908 814 2278 896 providentia
2316 834 2450 896 erga

317 911 628 970 Ecclesiam
662 931 827 968 suam
850 955 865 983 .,
908 930 1008 967 seu
1036 929 1169 988 erga
1202 907 1542 987 religionem
1569 931 1602 968 a
1642 932 1703 969 se
1729 911 2061 968 institutam
2092 912 2201 991 (l).

400 1005 544 1065 401.
592 1005 673 1065 Ut
708 1005 884 1083 igitur
917 1003 1327 1082 gravissimum
1353 1002 1464 1061 hoc
1499 1017 1912 1082 argumentum
1938 1006 2011 1064 ad
2045 1006 2453 1067 scholasticam

319 1101 670 1161 methodum
708 1100 1043 1178 exigamus.,
1103 1099 1183 1155 ita
1226 1096 1627 1157 concludimus
1672 1120 1687 1156 z
1735 1101 2114 1163 Conservatio
2162 1103 2454 1183 religionis

323 1196 654 1256 christianae
682 1216 804 1253 non
840 1194 1037 1252 minus
1075 1204 1303 1252 certum
1338 1192 1678 1275 suppeditat
1711 1192 1921 1254 divinae
1954 1217 2018 1254 ac
2043 1210 2456 1278 supernatura-

320 1291 393 1350 lis
422 1291 638 1350 Christi
677 1290 967 1349 missionis
1011 1301 1425 1370 argumentum
1466 1311 1646 1371 quam
1682 1294 1804 1369 ejus
1843 1294 2216 1373 propagati0‚
2256 1295 2303 1352 si
2336 1316 2458 1352 om-

322 1386 498 1447 nibus
529 1386 816 1465 adjunctis
850 1387 1191 1468 perpensiS‚
1236 1385 1384 1444 nulli
1422 1386 1676 1445 naturali
1718 1407 1903 1447 causae
1939 1386 2188 1447 adscribi
2229 1390 2454 1471 possit;

324 1481 658 1566 atquiaeafis
703 1493 790 1542 est
833 1482 1165 1542 christianae
1197 1480 1489 1562 religionis
1530 1483 1894 1543 conservatio
1944 1504 2014 1542 ex
2052 1484 2221 1543 dietis
2261 1495 2320 1544 et
2354 1483 2459 1544 de-

325 1579 702 1654 monstratis3
741 1600 897 1658 ergo·

1151 1757 1638 1801 DIFFICULTATES.

412 1903 552 1963 402.
604 1900 737 1981 Obj.
785 1902 997 1984 prima.
1044 1903 1106 1961 1ο
1145 1900 1364 1982 Religio
1415 1899 1698 1980 catholica
1755 1899 2055 1981 systemati
2105 1899 2464 1959 auctoritatis

334 2001 626 2058 unitatem
672 2010 848 2079 atque
891 1999 1349 2081 perpetuitatem
1396 2019 1563 2056 suam
1607 1996 1788 2057 refert
1836 2007 2171 2078 acceptam,
2221 1997 2290 2054 20
2341 2018 2464 2055 non

333 2116 495 2154 secus
520 2116 585 2153 ac
610 2093 970 2153 Islamismus
994 2093 1434 2153 et'Judaismus.
1468 2094 1538 2150 2⁰
1571 2091 1741 2166 Quod
1765 2093 1811 2150 si
1840 2103 2006 2151 sectae
2027 2138 2042 2166 .,
2083 2113 2212 2174 quae
2250 2090 2324 2149 ab
2358 2093 2465 2150 Ec-

332 2189 507 2250 clesia
542 2189 822 2249 catholica
858 2200 1071 2249 exortae
1107 2201 1283 2265 sunt,
1330 2210 1534 2248 omnes
1581 2188 1913 2270 perierunt,
1958 2189 2106 2246 ratio
2151 2197 2239 2247 est
2272 2233 2287 2262 .,
2331 2187 2466 2269 quia

334 2286 674 2369 proscriptae
715 2286 955 2345 fuerunt
995 2308 1027 2344 a
1065 2285 1292 2344 mundo
1341 2283 1572 2344 exculto
1596 2329 1611 2358 ,
1654 2295 1714 2342 et
1759 2305 1789 2342 a
1824 2294 2113 2365 potestate
2157 2281 2467 2364 temporali

338 2382 810 2465 persecutionem
852 2403 1035 2464 passae
1081 2393 1239 2440 sunt.
1290 2380 1356 2439 40
1397 2379 1914 2439 Protestantismus
1961 2391 2021 2439 et
2063 2379 2469 2438 Jansenismus

337 2490 665 2552 steterunt3
701 2478 799 2537 ille
834 2479 1002 2560 quia,
1043 2477 1274 2537 invenit
1309 2476 1646 2559 praesidium
1682 2475 1745 2533 in
1776 2486 2066 2557 potestate
2111 2472 2422 2556 temporali
2453 2498 2469 2547 ς

337 2573 432 2633 hic
458 2620 473 2648 ,
511 2575 647 2656 quia
679 2596 745 2634 ea
783 2584 955 2634 aetate
990 2585 1225 2633 exortus
1260 2583 1383 2646 est3
1429 2593 1563 2630 cum
1611 2593 1735 2629 non
1779 2570 2032 2653 amplius
2070 2569 2316 2629 haereses
2362 2567 2469 2628 de-

338 2670 720 2730 struebantur
756 2671 908 2730 ferro
941 2681 1000 2728 et
1022 2662 1160 2750 igne
1187 2670 1297 2751 (2).
1335 2668 1402 2726 50
1430 2666 1694 2727 Naturali
1724 2667 1899 2748 igitur
1923 2689 2108 2726 causae
2137 2678 2265 2725 tum
2297 2665 2474 2724 chris-

341 2767 513 2826 tianae
553 2767 846 2847 religionis
895 2766 1298 2840 conservatiQ
1353 2776 1482 2823 tum
1531 2775 1821 2823 sectarum
1869 2763 2184 2823 destructio
2226 2759 2476 2820 adscribi

342 2862 538 2922 debet.
579 2863 645 2921 60
693 2865 812 2922 Nec
847 2861 1087 2922 obstant
1130 2860 1406 2921 miracula
1447 2859 1674 2942 aliaque
1712 2859 1898 2933 dona,
1946 2879 2073 2941 quae
2112 2868 2476 2938 supernatu-

342 2957 483 3017 ralia
512 2958 788 3018 dicuntur
811 3004 827 3033 ,
859 2970 988 3017 tum
1023 2958 1156 3040 quia
1183 2957 1304 3017 haec
1329 2956 1557 3015 nullam
1583 2955 1763 3016 fidem
1793 2965 2100 3015 merentur
2121 3000 2137 3028 7
2173 2965 2301 3012 tum
2342 2951 2476 3032 quia

344 3054 722 3113 fanatismum
763 3064 1119 3136 promovent
1163 3065 1222 3113 et
1271 3052 1512 3133 indigna
1551 3063 1690 3111 sunt
1731 3051 1957 3110 ratione
2006 3049 2158 3110 bene
2199 3046 2468 3119 excultat,

347 3170 503 3231 ergo.

418 3340 485 3407 (l)
522 3339 666 3390 Cous.
707 3340 947 3390 Discours
975 3359 1062 3390 sur
1085 3341 1133 3391 la
1159 3341 1367 3391 divinite
1451 3342 1542 3391 edi.
1562 3357 1742 3390 roman.
1772 3349 1882 3387 tom.
1907 3358 1981 3388 xx.

347 3422 466 3472 dela
493 3422 698 3489 reliqion
719 3421 991 3473 chreeienne
1016 3462 1030 3484 ‚
1064 3441 1153 3489 que
1172 3422 1368 3489 I'Eylise
1520 3423 1589 3487 (2)
1624 3422 1690 3470 Ita
1712 3420 1948 3471 Sismondi
1968 3460 1982 3482 ‚
2018 3421 2179 3469 Romae
2198 3416 2468 3483 enoyolopb-

345 3508 437 3572 qm'
448 3506 602 3572 forme
615 3505 696 3553 des
710 3506 865 3554 saints
880 3514 947 3554 est
975 3505 1023 3555 la
1050 3505 1176 3555 seule
1193 3505 1244 3556 E
1243 3507 1369 3571 qlise
1451 3505 1593 3570 dique
1617 3542 1630 3564 ,
1660 3504 1785 3552 Paris
1805 3540 1818 3564 ,
1855 3504 1975 3552 Mars
1991 3540 2004 3563 ,
2052 3499 2180 3550 1826
2197 3537 2211 3560 ‚
2249 3509 2334 3548 art.
2370 3497 2475 3546 Dea

349 3589 407 3637 do
436 3587 589 3639 J.·C.
626 3606 705 3655 par
726 3589 769 3637 le
798 3588 1003 3638 cardinal
1032 3588 1186 3638 Gerdil
1204 3627 1218 3650 ,
1254 3606 1363 3655 opp.
1452 3587 1677 3653 opinions
1710 3584 1989 3651 reliqiemes
2009 3618 2023 3646 ,
2056 3602 2106 3649 p.
2133 3580 2255 3631 622.
