2554 4140
322 56 438 118 194

979 81 1047 117 DE
1093 81 1245 121 VERA
1287 82 1409 121 nm..
1461 84 1596 124 ADV.
1632 81 1788 123 luca.

320 226 508 284 Caesar
531 221 741 280 Vanini
760 219 838 280 ob
862 234 1094 303 patrata
1119 223 1335 304 flagitia
1354 270 1370 299 7
1401 226 1619 286 vitiatae
1646 229 1972 308 praesertim
1992 235 2317 308 juventutis
2340 240 2449 319 (1),

317 318 609 397 ceterique
650 317 901 398 passim,
946 339 1091 399 quos
1133 319 1424 379 increduli
1473 320 1568 381 vel
1612 323 2008 384 Protestantes
2056 339 2122 386 ut
2161 345 2446 414 martyres

315 412 652 474 venditant.
687 413 944 471 Tantum
984 413 1150 473 abest
1178 460 1194 486 a
1241 426 1308 474 ut
1345 417 1818 497 supernaturalia
1848 431 2038 480 cetera
2084 421 2241 483 dona
2277 427 2341 486 in
2379 430 2449 488 iis

315 509 624 583 eluceant,
666 529 794 590 quae
824 521 1111 590 martyres
1141 510 1488 570 christianos
1523 535 1898 595 summopere
1933 521 2324 579 exornarunt!
2365 523 2452 583 Ad

314 606 645 664 confirmat.
671 606 744 664 H
740 608 840 664 inc
845 607 1216 686 prodierunt
1234 611 1689 689 martyrologia,
1719 622 1833 669 etc.
1856 614 2015 671 Dist.
2042 635 2172 695 quae
2188 615 2250 674 in
2274 637 2454 677 censu

313 712 645 781 martyrum
680 711 740 760 et
792 712 1130 761 sanctorum
1170 716 1480 763 recensent
1525 705 1875 765 facinorosos
1911 729 2173 791 quosque
2214 732 2280 770 ac
2314 734 2453 794 per-

312 796 567 870 duelleS‚
608 808 787 878 atque
833 796 909 855 ob
959 798 1198 879 propria
1241 798 1486 858 crimina
1522 800 1867 875 mulctatos,
1925 826 2126 872 conc.;
2167 818 2452 888 martyres

312 894 550 975 proprie
584 892 768 968 dictos
791 938 807 966 .,
848 915 980 973 neg.
1029 891 1185 965 Quid
1223 893 1384 951 enim
1418 897 1614 954 testati
1648 910 1845 958 essent
1870 900 2156 978 ejusmodi
2197 902 2454 984 pseudo*-

311 999 599 1068 martyres
621 988 733 1046 nisi
760 987 998 1068 propria
1033 987 1246 1068 placita
1279 988 1655 1070 privatasque
1677 995 2044 1055 sententias?
2077 997 2450 1075 Recolantur‚

315 1106 448 1167 quae
485 1084 753 1166 superius
775 1084 1060 1143 adnotata
1090 1093 1231 1142 sunt
1261 1083 1412 1142 circa
1441 1085 1568 1144 veri
1600 1091 1871 1168 martyris
1906 1092 2265 1155 characteres
2303 1094 2411 1176 (2).

312 1379 409 1410 une
438 1378 622 1427 saycsse
646 1361 883 1427 politiquc
908 1379 998 1427 que
1015 1379 1116 1428 par
1144 1379 1212 1410 un
1242 1361 1340 1410 zela

311 1445 369 1493 de
399 1445 619 1509 reliqion.
667 1443 724 1494 ll
761 1446 923 1510 voyait
965 1462 1055 1510 qae
1084 1445 1245 1493 c'ctait
1272 1461 1343 1492 un

310 1532 409 1575 etat
424 1528 549 1575 dans
565 1544 634 1575 un
657 1531 751 1576 etat
766 1536 811 1574 et
824 1545 913 1592 que
930 1545 1005 1575 ces
1021 1526 1156 1575 villes
1169 1527 1348 1579 etaient

313 1611 395 1658 des
430 1613 648 1660 retraites
677 1611 735 1658 dc
768 1611 964 1660 rebelles
1001 1611 1125 1659 etde
1160 1596 1349 1659 buccon-

311 1703 432 1743 tena.
459 1693 581 1743 Sane
604 1697 679 1742 vix
707 1704 775 1743 est
806 1694 962 1761 aliqua
995 1694 1185 1744 rebellio
1212 1733 1226 1754 ‚
1244 1711 1348 1761 quae

312 1781 364 1826 in
397 1778 583 1842 Europa
601 1796 626 1826 a
643 1781 862 1828 trecentis
894 1781 1076 1827 circiter
1103 1782 1240 1827 aunis
1267 1796 1345 1827 ex-

312 1864 453 1908 citata
490 1871 559 1910 est
579 1897 595 1921 ‚
630 1878 734 1928 quae
765 1862 824 1910 ab
848 1865 958 1928 ipsis
987 1880 1084 1910 non
1105 1864 1346 1928 prodierit.

314 1943 476 2010 Neque
494 1946 723 2011 ejusmodi
741 1948 929 2011 spiritus
959 1949 1009 1994 in
1039 1948 1149 2011 ipsis
1168 1947 1347 1994 immu-

314 2039 435 2077 tatus
463 2040 528 2077 est
548 2066 560 2086 ‚
588 2030 820 2095 siquidem
843 2033 999 2095 paucis
1018 2030 1194 2079 abhinc
1211 2034 1347 2080 annis

318 2111 510 2160 celebris
543 2110 808 2160 protestans
841 2114 1021 2177 scripsit
1054 2130 1068 2160 :
1097 2112 1155 2160 Si
1183 2113 1231 2160 la
1268 2118 1344 2161 rc-

311 2193 466 2258 forma
485 2210 514 2240 a
521 2193 620 2258 fait
638 2192 683 2241 la
702 2193 968 2242 revolution
982 2233 995 2255 ‚
1014 2194 1122 2242 c’est
1134 2195 1346 2261 conplas

319 2276 635 2342 belouvraqe.
667 2277 810 2326 Cons.
843 2277 1112 2326 Memorial
1144 2279 1347 2327 catholi-

318 2376 440 2424 que,
469 2370 526 2407 1¹e
553 2362 703 2409 annee
722 2396 738 2421 ,
768 2371 883 2408 tom.
920 2378 986 2417 iv,
1015 2359 1178 2408 Juillet
1201 2359 1346 2421 1825,

319 2462 371 2509 p.
402 2459 462 2491 21
497 2453 543 2492 et
565 2461 696 2509 seqq.
729 2442 873 2492 Cons.
896 2452 1110 2508 praeterea
1131 2442 1351 2492 Iliscoire

320 2525 389 2573 du
423 2526 687 2591 fanatisme
708 2563 721 2586 ‚
766 2543 849 2592 par
882 2525 1033 2574 Mons.
1064 2526 1122 2574 de
1150 2526 1351 2593 Brueys,

321 2608 514 2660 Utrecht
555 2612 678 2679 1737
705 2647 718 2671 ‚
753 2627 783 2659 2
813 2611 908 2660 vol.
948 2608 1078 2659 in-8.
1111 2609 1278 2676 quue,
1303 2621 1356 2659 ut

322 2704 539 2743 notatum
560 2700 649 2755 est,
667 2711 722 2743 ex
742 2696 842 2760 ipsa
869 2693 1230 2753 Reformationis
1270 2711 1351 2743 seu

323 2776 693 2827 Protestantismi
742 2787 907 2826 natura
949 2794 1002 2825 ac
1028 2777 1236 2825 doctrina
1273 2794 1355 2842 per

324 2862 683 2927 applicationem
723 2863 941 2927 principii
980 2861 1353 2910 fundamentalis

326 2943 701 3009 independentioe
728 2944 946 3009 religiosae
962 2944 1021 2992 ad
1044 2952 1217 2993 statum
1237 2945 1355 3010 poli-

326 3028 488 3075 ticum.
511 3024 663 3091 Qua-re
688 3044 786 3075 non
815 3037 883 3075 est
909 3026 1042 3092 quod
1074 3026 1353 3088 obtrudant,

326 3119 380 3157 ut
407 3126 536 3157 nunc
553 3109 734 3158 faciunt
758 3111 977 3159 nonnulli
995 3112 1236 3176 scriptores
1252 3129 1358 3177 pro-

328 3201 583 3252 testantes,
644 3191 992 3241 Catholicorum
1029 3195 1080 3240 in
1121 3194 1357 3260 aliquibus

328 3275 578 3339 provinciis
598 3273 792 3323 rebelles
823 3284 976 3323 motus
999 3312 1014 3336 ‚
1045 3292 1156 3323 cum
1174 3276 1225 3323 hi
1241 3292 1356 3324 con-

328 3367 399 3405 tra
413 3356 693 3405 catholicum
708 3358 990 3422 principium
1003 3376 1084 3407 seu
1095 3359 1354 3407 doctrinam

328 3441 472 3488 exorti
501 3441 594 3488 sint
612 3476 625 3495 ‚
658 3448 704 3487 et
735 3440 912 3487 fructus
931 3443 1126 3506 spectari
1154 3440 1355 3491 debeant

327 3524 472 3587 ipsius
495 3521 861 3570 protestantismi
881 3559 894 3582 ‚
919 3524 1001 3588 qui
1028 3533 1074 3571 et
1099 3526 1149 3571 in
1176 3522 1352 3571 Catho-

336 3604 452 3655 licos
483 3605 736 3656 nonnullos
777 3604 983 3657 influxit.
1014 3605 1136 3657 Sane
1172 3605 1348 3675 ubique

1430 1364 1524 1413 fere
1545 1403 1558 1425 ‚
1606 1368 1688 1431 qui
1736 1368 1845 1416 tales
1881 1378 2038 1417 motus
2074 1370 2406 1421 machinantur
2434 1410 2450 1431 ,

1428 1448 1661 1512 religionis
1691 1449 1928 1498 catholicae
1956 1451 2112 1501 hostes
2152 1453 2323 1502 infensi
2349 1464 2458 1503 sunt

1430 1540 1472 1578 et
1506 1530 1743 1607 religionis
1773 1532 2012 1582 catholicae
2051 1535 2304 1584 sacerdotes
2348 1554 2457 1603 per-

1429 1622 1709 1678 sequuntur.

1464 1731 1479 1745 t
1498 1696 1566 1759 (l)
1603 1694 1673 1744 De
1697 1695 1726 1744 J
1730 1695 1825 1757 ulio
1846 1696 2027 1747 Caesare
2048 1697 2223 1749 Vanini
2239 1699 2457 1751 atheismi

1432 1779 1835 1846 pseudo-martyre
1881 1783 2193 1831 consulendus
2242 1784 2453 1834 Barthol.

1430 1862 1740 1924 Gramondus‚
1766 1867 1890 1913 testis
1919 1865 2136 1925 ocularis,
2153 1869 2203 1914 in
2228 1866 2456 1916 Historia

1434 1945 1613 1995 Galliae
1639 1986 1651 2007 ‚
1685 1948 1770 1996 lib.
1795 1965 1873 2008 ιιι,
1900 1951 1982 2014 qui
2007 1950 2145 1998 refert
2170 1968 2279 1998 eum
2300 1951 2458 1999 furore
2503 1950 2505 1952 ’

1428 2033 1656 2095 percitum
1683 2031 1823 2079 fuisse
1849 2069 1860 2090 ‚
1879 2050 1987 2079 cum
2006 2035 2219 2098 cognovit
2234 2018 2349 2081 nihil
2367 2034 2457 2082 sibi

1430 2112 1657 2177 profuisse
1683 2112 1947 2160 simulatam
1965 2114 2198 2162 catholicae
2221 2114 2455 2179 religionis

1430 2195 1762 2259 professionem
1791 2194 1850 2243 ad
1873 2198 2142 2258 promeritas
2158 2213 2313 2261 poenas
2344 2214 2458 2245 eva-

1430 2275 1623 2327 dendas.
1660 2277 1791 2325 Tales
1830 2287 1940 2325 sunt
1974 2278 2080 2342 plus
2108 2281 2262 2326 minus
2289 2295 2453 2327 omnes

1430 2360 1623 2419 heroes,
1665 2377 1782 2425 quos
1820 2362 1915 2408 sive
1960 2361 2189 2408 increduli
2223 2363 2318 2409 sive
2353 2361 2462 2408 Pro·

1433 2453 1649 2491 testantes
1683 2446 1733 2490 in
1770 2443 1897 2490 fastis
1930 2460 2030 2491 suis
2062 2453 2323 2492 recensent.
2356 2442 2458 2493 Sibi

1433 2544 1510 2575 eos
1547 2527 1771 2575 habeant.

1502 2609 1566 2671 (Ξ)
1605 2609 1674 2658 De
1714 2611 2037 2676 martyrologio
2071 2611 2257 2660 foxiano
2284 2650 2297 2672 ‚
2329 2612 2458 2679 quod

1434 2711 1564 2759 aeque
1596 2696 1645 2740 in
1683 2694 2072 2761 martyrologium
2100 2691 2321 2743 Geddessi
2340 2713 2461 2760 qua-

1435 2776 1536 2823 drat
1557 2814 1570 2834 ‚
1606 2776 1718 2824 dicit
1742 2786 1903 2824 auctor
1925 2777 2133 2842 opusculi
2153 2775 2210 2826 A
2224 2793 2333 2824 aare
2350 2793 2458 2842 way

1436 2866 1481 2906 to
1507 2858 1618 2923 find
1630 2867 1713 2906 out
1730 2858 1805 2906 the
1820 2867 1925 2907 true
1939 2858 2163 2923 reliqion‚
2187 2859 2245 2907 D.
2270 2860 2458 2908 Badde-

1437 2941 1533 3008 ley‚
1555 2942 1668 2990 edit.
1692 2944 1952 2990 American.
1974 2941 2144 2990 Boston
2168 2940 2290 2991 1831
2314 2960 2327 2990 :
2349 2944 2459 2990 Hic

1436 3025 1557 3073 liber
1567 3034 1841 3074 sanctorum
1853 3034 1897 3073 et
1907 3035 2175 3090 martyrum
2189 3025 2461 3074 mendaciis

1437 3117 1612 3169 scatet,
1642 3125 1759 3156 nam
1801 3125 1911 3156 raro
1957 3110 2148 3172 inteqra
2190 3117 2258 3155 est
2292 3107 2461 3172 aliqiaea

1439 3191 1643 3239 historia
1687 3192 1743 3238 in
1782 3191 1867 3238 hoc
1903 3193 2136 3238 immenso
2170 3191 2455 3246 volamine,

1439 3292 1547 3339 quoe
1579 3273 1745 3338 aliqua
1767 3275 1955 3322 ratione
1970 3273 2235 3339 falsificata
2263 3271 2335 3320 vel
2348 3271 2460 3319 sub-

1436 3373 1573 3404 versa
1594 3372 1691 3403 non
1718 3357 1842 3404 sit...
1870 3356 2166 3404 Percurram
2182 3354 2460 3418 tamenpri-

1436 3455 1536 3486 mos
1559 3455 1641 3486 sex
1662 3455 1843 3486 menses
1874 3438 2153 3486 kalendarii
2167 3436 2365 3499 foxiani
2380 3471 2394 3497 ,
2417 3442 2462 3482 ct

1436 3538 1600 3570 veram
1626 3524 1999 3586 protestantium
2043 3522 2246 3568 istorum
2268 3526 2460 3565 sancto-

1435 3621 1547 3655 rum
1582 3611 1628 3652 et
1648 3612 1921 3668 martyrum
1955 3602 2276 3680 characterem
2307 3598 2425 3648 ccclii
2440 3627 2456 3637 -
