2554 4140
341 164 457 223 310
835 171 845 182 '
967 186 1034 220 mi
1079 184 1224 226 vem
1270 186 1390 222 nm.
1438 186 1573 227 Anv.
1621 187 1820 226 nsi-nn.

1152 326 1634 407 DIFFICULTAJKES.

417 462 563 523 233.
612 461 746 543 Obj.
786 463 848 523 1⁰
878 463 1070 523 Etiam
1099 464 1347 527 Ecclesia
1379 466 1660 527 catholica
1685 479 1816 528 suas
1839 459 2266 530 vicissitudines
2289 491 2458 554 passa

332 571 438 647 est.
472 560 541 618 20
567 559 729 619 Fidei
757 559 1162 638 definitioneS,
1201 584 1343 644 quas
1368 562 1690 643 identidem
1719 563 1964 624 Ecclesia
2002 563 2280 625 catholica
2313 568 2460 627 emi-

334 655 409 715 sit
431 701 448 731 ,
478 654 728 715 totidem
754 668 1099 736 argumenta
1136 670 1276 717 sunt
1311 680 1646 740 progressus
1670 681 1733 719 ac
1765 659 2246 741 perfectibilitatis
2277 672 2461 742 syste-

330 752 503 811 matis
522 797 538 827 ,
571 750 729 834 quod
758 751 1062 834 adoptavit
1090 755 1636 814 ProtestantismuS.
1672 756 1735 815 30
1761 755 1911 829 Quid
1946 778 2122 838 porro
2157 769 2294 815 sunt
2320 757 2457 817 fidei

334 844 606 928 dogmata
629 894 645 923 .,
674 847 885 930 quibus
916 847 1195 928 gloriatur
1226 849 1474 910 Ecclesia
1496 851 1775 910 catholica
1793 896 1809 926 ,
1855 852 1969 910 nisi
1996 852 2168 910 unius
2197 851 2292 912 vel
2316 852 2463 913 alte-

333 944 453 1003 rius
491 945 676 1005 Patris
715 944 880 1003 istius
925 941 1188 1003 Ecclesiae
1232 943 1514 1022 inventa,
1554 946 1651 1008 vel
1690 947 1953 1007 formulae
1991 946 2305 1008 verborum
2340 949 2466 1008 sine

333 1061 507 1100 sensu
531 1039 664 1120 (1)?
689 1038 757 1098 40
780 1040 924 1097 Cum
944 1037 1197 1119 proinde
1221 1059 1356 1098 vera
1382 1038 1484 1098 lux
1511 1063 1632 1099 non
1661 1043 1942 1124 prodierit
1957 1043 2067 1101 nisi
2086 1043 2293 1103 saeculo
2310 1045 2465 1120 XVI,

334 1155 403 1195 ex
437 1134 540 1193 illo
565 1146 835 1214 tempore
865 1131 1135 1191 clariores
1166 1153 1399 1214 semper
1427 1133 1617 1193 radios
1649 1137 1841 1196 emisit
1879 1138 1956 1197 ad
1986 1137 2259 1198 tenebras
2288 1138 2467 1197 dissi-

334 1228 595 1312 pandaS‚
636 1250 779 1310 quas
810 1227 1058 1287 Ecclesia
1097 1238 1228 1286 tum
1263 1227 1566 1309 decipiens
1596 1240 1729 1289 tum
1767 1230 2013 1314 decepta
2046 1232 2366 1310 effuderat,
2401 1255 2466 1294 ac

334 1324 679 1384 fanatismus
727 1333 789 1384 et
835 1322 1184 1383 dominandi
1235 1322 1422 1384 libido
1465 1324 1770 1404 foverant,
1820 1325 2008 1387 donec
2061 1329 2466 1391 emendatores

338 1441 669 1498 sacrorum,
695 1419 1051 1503 captivitatis
1078 1418 1236 1479 illius
1263 1420 1817 1482 vinculasolventes
1836 1467 1854 1499 ,
1878 1421 1943 1481 in
1969 1421 2302 1484 libertatem
2324 1436 2384 1485 et
2405 1445 2467 1486 se

339 1526 401 1577 et
425 1537 533 1575 nos
571 1526 965 1575 asseruerunt.
1000 1515 1069 1574 5⁰
1110 1518 1301 1598 Atque
1324 1515 1465 1576 hinc
1497 1518 1646 1577 ratio
1681 1518 1904 1577 eruitur
1930 1517 2228 1599 cujusdam
2263 1519 2468 1578 incon-

343 1612 573 1672 stantiae
592 1624 766 1694 atque
787 1611 1181 1673 fluctuationis
1200 1658 1218 1690 ‚
1252 1634 1383 1696 quae
1407 1625 1536 1673 tum
1558 1614 1620 1673 in
1638 1615 1776 1697 ipsis
1803 1626 1931 1675 tum
1954 1616 2017 1674 in
2040 1617 2245 1698 primis
2266 1638 2470 1677 eorum

340 1707 640 1790 discipulis
668 1708 973 1768 interdum
1007 1709 1396 1792 conspicitur,
1439 1709 1587 1769 circa
1625 1710 1833 1793 plures
1861 1709 1955 1773 vel
1990 1712 2288 1793 pauciores
2324 1713 2469 1773 arti-

341 1803 500 1864 culos
540 1825 684 1886 quos
722 1803 1129 1881 retinuerunt,
1166 1825 1302 1863 cum
1328 1826 1436 1865 nec
1471 1827 1592 1864 uno
1625 1806 1907 1888 temporis
1933 1818 2235 1866 momento
2265 1818 2474 1888 potue-

341 1902 463 1960 rint
494 1922 699 1961 omnes
740 1900 898 1960 ideas
938 1899 1065 1960 illas
1106 1899 1441 1983 deponere,
1481 1902 1545 1960 in
1589 1901 1801 1984 quibus
1844 1900 1919 1962 ab
1960 1903 2205 1962 infantia
2238 1903 2472 1963 fuerant

342 1997 587 2059 enutriti
621 1998 730 2079 (2).
768 1997 885 2057 Nec
919 2007 1008 2057 est
1045 1997 1110 2056 60
1150 1995 1310 2079 quod
1352 1997 1781 2057 rationalismus
1819 1996 1987 2060 nobis
2032 1997 2334 2078 obJ'iciatur
2369 2009 2471 2058 aut

275 2118 280 2123 ·
342 2093 793 2169 naturalismu83
830 2095 878 2153 si
910 2093 1072 2154 enim
1110 2115 1202 2154 res
1242 2092 1393 2154 bene
1424 2093 1830 2177 perpendatur
1852 2140 1868 2170 ,
1906 2094 2338 2155 rationalismus
2383 2104 2472 2155 est

345 2191 615 2271 proprius
657 2189 922 2250 Ecclesiae
955 2189 1286 2266 catholicae,
1332 2201 1391 2250 et
1429 2201 1606 2273 caput
1642 2190 1902 2250 Ecclesiae
1935 2212 2190 2250 romanae
2225 2190 2473 2273 spectari

347 2285 524 2345 debet
551 2296 618 2344 ut
646 2307 818 2348 verus
838 2284 1239 2360 rationalista3
1271 2286 1493 2345 etenim
1510 2287 1634 2368 ipse
1650 2285 1966 2368 praetendit
1998 2287 2269 2368 spiritum
2299 2308 2472 2345 suum

345 2383 651 2442 internum
670 2403 770 2441 seu
794 2383 1089 2468 rationem
1114 2404 1280 2440 suam
1300 2428 1317 2457 7
1348 2383 1502 2442 intra
1531 2385 1620 2442 sui
1646 2385 1894 2465 pectoris
1919 2383 2101 2444 veluti
2124 2382 2468 2466 penetralia,

347 2499 517 2561 posse
538 2499 645 2559 per
665 2476 1072 2537 immediatam
1090 2476 1537 2559 inspirationem
1567 2478 1829 2539 divinam
1854 2481 2173 2539 sententias
2201 2480 2471 2560 legesque

347 2575 646 2658 proferre,
687 2595 815 2657 quae
847 2596 1054 2634 norma
1092 2574 1209 2634 sint
1243 2574 1306 2633 in
1350 2573 1527 2634 rebus
1558 2574 1729 2650 fidei,
1770 2576 1997 2635 etiarnsi
2037 2575 2221 2650 desit,
2263 2575 2357 2638 vel
2386 2575 2473 2634 illi

348 2683 683 2755 opponatur
738 2671 1053 2754 Scriptura.
1115 2672 1265 2730 Item
1326 2670 1582 2731 Concilia
1645 2670 1904 2731 Ecclesiae
1964 2670 2260 2745 catholicae
2331 2682 2471 2729 sunt

348 2770 775 2829 naturalistica
790 2811 811 2840 ,
871 2769 1316 2826 ratz'onalistica
1372 2787 1474 2827 seu
1525 2765 1891 2848 phantastica
1924 2812 1941 2842 ,
1998 2777 2284 2849 quatenus
2346 2766 2473 2846 ipsa

335 2866 704 2926 'confirmant
728 2863 994 2947 proprias
1016 2861 1343 2948 sententias
1362 2908 1378 2939 7
1411 2885 1530 2923 non
1557 2867 1683 2943 jam
1704 2863 1767 2922 in
1789 2862 1910 2922 solo
1934 2883 2155 2922 canone
2182 2860 2474 2921 infallibili

351 2961 518 3023 verbi
541 2961 647 3022 Dei
679 2960 911 3043 scripti,
948 2958 1052 3020 sed
1086 2959 1150 3018 in
1182 2970 1475 3042 praetensa
1502 2980 1569 3020 ac
1599 2958 1786 3019 fallaci
1820 2958 2208 3020 illustratione
2238 2958 2470 3019 interna

422 3195 487 3256 (l)
521 3194 598 3243 Sic
624 3193 784 3244 Henke
805 3195 857 3242 in
879 3191 1018 3245 Hiet.
1043 3191 1207 3242 eccles.
1234 3195 1368 3260 cujus
1450 3192 1705 3243 ducuntur.
1730 3191 1836 3241 Huc
1861 3193 2127 3242 referuntur
2158 3196 2327 3259 pariter
2361 3194 2468 3243 his-

353 3277 779 3337 iterataeeditiones,
797 3278 1170 3326 continuationes
1185 3285 1229 3325 et
1243 3293 1371 3325 com·
1452 3279 1584 3325 toriae
1612 3275 1881 3341 dogmatum
1917 3275 1977 3324 ab
2015 3274 2125 3342 ipsis
2154 3278 2321 3342 passim
2363 3278 2470 3326 vul-

352 3357 522 3424 peudia
538 3375 835 3410 communem
858 3359 1074 3425 plausum
1092 3395 1107 3419 ‚
1129 3375 1223 3425 quo
1246 3357 1373 3424 apud
1454 3368 1586 3424 gatae.

352 3441 668 3491 Protestantes
683 3442 769 3490 fuit
783 3453 991 3509 excepta,
1015 3442 1289 3492 ostendunt.
1312 3441 1372 3490 Iu
1524 3441 1586 3504 (2)
1623 3440 1690 3489 Ita
1718 3442 1995 3506 respondere
2016 3441 2167 3490 solent
2209 3439 2471 3490 Protestau-

355 3525 495 3591 hujus
515 3541 650 3591 porro
667 3523 868 3572 histori'ae
883 3527 1017 3573 initio
1042 3526 1200 3573 statim
1217 3524 1375 3574 Evan-
1457 3533 1524 3574 tes
1545 3560 1560 3584 ,
1584 3540 1692 3573 cum
1715 3526 1825 3590 ipsis
1844 3525 2061 3592 objicitur
2087 3541 2288 3574 recessus
2303 3541 2328 3572 a
2355 3522 2468 3571 doe-

353 3609 520 3672 gelistae
549 3617 600 3657 ut
627 3605 901 3666 mendaces,
931 3605 1137 3672 Apostoli
1170 3624 1279 3657 vero
1315 3616 1375 3655 ut
1458 3608 1578 3656 trina
1606 3606 1959 3657 emendatorum
1985 3622 2197 3656 suorum.

354 3693 655 3757 corruptores*
678 3688 902 3738 doctrinae
942 3687 1055 3739 Jesu
1085 3688 1257 3739 Christi
1283 3699 1376 3739 tra-
