<?xml version="1.0" encoding="UTF-8"?>
<!DOCTYPE html PUBLIC "-//W3C//DTD XHTML 1.0 Transitional//EN"
    "http://www.w3.org/TR/xhtml1/DTD/xhtml1-transitional.dtd">
<html xmlns="http://www.w3.org/1999/xhtml" xml:lang="en" lang="en">
 <head>
  <title>
</title>
<meta http-equiv="Content-Type" content="text/html;charset=utf-8" />
  <meta name='ocr-system' content='tesseract 3.04.00' />
  <meta name='ocr-capabilities' content='ocr_page ocr_carea ocr_par ocr_line ocrx_word'/>
</head>
<body>
  <div class='ocr_page' id='page_1' title='image "a603693801perruoft_0014.png"; bbox 0 0 2554 4140; ppageno 0'>
   <div class='ocr_carea' id='block_1_1' title="bbox 287 168 1681 218">
    <p class='ocr_par' dir='ltr' id='par_1_1' title="bbox 287 168 1681 218">
     <span class='ocr_line' id='line_1_1' title="bbox 287 168 1681 218; baseline 0.001 -8"><span class='ocrx_word' id='word_1_1' title='bbox 287 177 325 218; x_wconf 82' lang='lat' dir='ltr'><strong>X</strong></span> <span class='ocrx_word' id='word_1_2' title='bbox 1019 168 1282 212; x_wconf 90' lang='lat' dir='ltr'>LECTORI</span> <span class='ocrx_word' id='word_1_3' title='bbox 1334 170 1681 213; x_wconf 88' lang='lat' dir='ltr'><strong>BENEVOLO.</strong></span> 
     </span>
    </p>
   </div>
   <div class='ocr_carea' id='block_1_2' title="bbox 268 324 2424 3253">
    <p class='ocr_par' dir='ltr' id='par_1_2' title="bbox 268 324 2424 3253">
     <span class='ocr_line' id='line_1_2' title="bbox 286 324 2414 424; baseline 0.004 -28"><span class='ocrx_word' id='word_1_4' title='bbox 286 346 368 397; x_wconf 91' lang='lat' dir='ltr'>ut</span> <span class='ocrx_word' id='word_1_5' title='bbox 387 324 579 424; x_wconf 87' lang='lat' dir='ltr'>quod</span> <span class='ocrx_word' id='word_1_6' title='bbox 612 325 1094 409; x_wconf 85' lang='lat' dir='ltr'>institueram,</span> <span class='ocrx_word' id='word_1_7' title='bbox 1122 338 1387 417; x_wconf 88' lang='lat' dir='ltr'>quanto</span> <span class='ocrx_word' id='word_1_8' title='bbox 1418 349 1688 415; x_wconf 88' lang='lat' dir='ltr'>possem</span> <span class='ocrx_word' id='word_1_9' title='bbox 1715 327 1921 394; x_wconf 89' lang='lat' dir='ltr'>citius</span> <span class='ocrx_word' id='word_1_10' title='bbox 1944 378 1962 417; x_wconf 91' lang='lat'><em>9</em></span> <span class='ocrx_word' id='word_1_11' title='bbox 1989 329 2414 421; x_wconf 88' lang='lat' dir='ltr'>perficerem.</span> 
     </span>
     <span class='ocr_line' id='line_1_3' title="bbox 284 446 2416 550; baseline 0.002 -31"><span class='ocrx_word' id='word_1_12' title='bbox 284 452 546 546; x_wconf 82' lang='lat' dir='ltr'><strong><em>Neque</em></strong></span> <span class='ocrx_word' id='word_1_13' title='bbox 600 450 780 514; x_wconf 82' lang='lat' dir='ltr'>enim</span> <span class='ocrx_word' id='word_1_14' title='bbox 825 449 1101 534; x_wconf 82' lang='lat' dir='ltr'>omnia,</span> <span class='ocrx_word' id='word_1_15' title='bbox 1147 446 1376 514; x_wconf 87' lang='lat' dir='ltr'>aiebat</span> <span class='ocrx_word' id='word_1_16' title='bbox 1414 450 1888 517; x_wconf 86' lang='lat' dir='ltr'>sanctissimus</span> <span class='ocrx_word' id='word_1_17' title='bbox 1940 451 2206 521; x_wconf 89' lang='lat' dir='ltr'>Doctor</span> <span class='ocrx_word' id='word_1_18' title='bbox 2253 458 2416 550; x_wconf 87' lang='lat'>(1),</span> 
     </span>
     <span class='ocr_line' id='line_1_4' title="bbox 286 571 2419 671; baseline 0.005 -35"><span class='ocrx_word' id='word_1_19' title='bbox 286 599 442 671; x_wconf 78' lang='lat' dir='ltr'>quoe</span> <span class='ocrx_word' id='word_1_20' title='bbox 475 574 559 637; x_wconf 82' lang='lat' dir='ltr'>ab</span> <span class='ocrx_word' id='word_1_21' title='bbox 600 571 915 636; x_wconf 80' lang='lat' dir='ltr'>omnibus</span> <span class='ocrx_word' id='word_1_22' title='bbox 953 571 1491 637; x_wconf 80' lang='lat' dir='ltr'>conscribuntur</span> <span class='ocrx_word' id='word_1_23' title='bbox 1509 621 1532 659; x_wconf 99' lang='lat'><em>9</em></span> <span class='ocrx_word' id='word_1_24' title='bbox 1569 575 1642 638; x_wconf 85' lang='lat' dir='ltr'>in</span> <span class='ocrx_word' id='word_1_25' title='bbox 1674 577 1983 640; x_wconf 84' lang='lat' dir='ltr'>omnium</span> <span class='ocrx_word' id='word_1_26' title='bbox 2015 600 2265 644; x_wconf 80' lang='lat' dir='ltr'>manus</span> <span class='ocrx_word' id='word_1_27' title='bbox 2297 605 2419 646; x_wconf 82' lang='lat' dir='ltr'>ve-</span> 
     </span>
     <span class='ocr_line' id='line_1_5' title="bbox 283 693 2420 791; baseline 0.001 -26"><span class='ocrx_word' id='word_1_28' title='bbox 283 701 486 765; x_wconf 77' lang='lat' dir='ltr'>niunt</span> <span class='ocrx_word' id='word_1_29' title='bbox 506 744 530 784; x_wconf 96' lang='lat'><em>9</em></span> <span class='ocrx_word' id='word_1_30' title='bbox 567 693 821 784; x_wconf 77' lang='lat' dir='ltr'>etfleri</span> <span class='ocrx_word' id='word_1_31' title='bbox 844 706 1075 784; x_wconf 75' lang='lat' dir='ltr'>potest</span> <span class='ocrx_word' id='word_1_32' title='bbox 1097 743 1121 782; x_wconf 95' lang='lat'><em>9</em></span> <span class='ocrx_word' id='word_1_33' title='bbox 1164 707 1240 759; x_wconf 81' lang='lat' dir='ltr'>ut</span> <span class='ocrx_word' id='word_1_34' title='bbox 1275 693 1643 786; x_wconf 79' lang='lat' dir='ltr'>nonnulli,</span> <span class='ocrx_word' id='word_1_35' title='bbox 1686 700 1813 791; x_wconf 79' lang='lat' dir='ltr'>qui</span> <span class='ocrx_word' id='word_1_36' title='bbox 1846 702 2055 764; x_wconf 73' lang='lat' dir='ltr'>etiam</span> <span class='ocrx_word' id='word_1_37' title='bbox 2088 700 2234 767; x_wconf 81' lang='lat' dir='ltr'>lzoec</span> <span class='ocrx_word' id='word_1_38' title='bbox 2268 725 2420 769; x_wconf 81' lang='lat' dir='ltr'>nos-</span> 
     </span>
     <span class='ocr_line' id='line_1_6' title="bbox 282 814 2422 909; baseline 0.001 -22"><span class='ocrx_word' id='word_1_39' title='bbox 282 834 390 888; x_wconf 77' lang='lat' dir='ltr'>tra</span> <span class='ocrx_word' id='word_1_40' title='bbox 439 816 817 909; x_wconf 76' lang='lat' dir='ltr'>intelligere</span> <span class='ocrx_word' id='word_1_41' title='bbox 873 815 1163 905; x_wconf 80' lang='lat' dir='ltr'>valent,</span> <span class='ocrx_word' id='word_1_42' title='bbox 1210 814 1365 884; x_wconf 80' lang='lat' dir='ltr'>illos</span> <span class='ocrx_word' id='word_1_43' title='bbox 1396 816 1754 907; x_wconf 79' lang='lat' dir='ltr'><em>planiores</em></span> <span class='ocrx_word' id='word_1_44' title='bbox 1782 846 1924 888; x_wconf 86' lang='lat' dir='ltr'>non</span> <span class='ocrx_word' id='word_1_45' title='bbox 1959 825 2320 890; x_wconf 77' lang='lat' dir='ltr'>inveniant</span> <span class='ocrx_word' id='word_1_46' title='bbox 2350 822 2422 890; x_wconf 78' lang='lat' dir='ltr'>li-</span> 
     </span>
     <span class='ocr_line' id='line_1_7' title="bbox 283 938 2417 1039; baseline 0 -28"><span class='ocrx_word' id='word_1_47' title='bbox 283 945 492 1033; x_wconf 79' lang='lat' dir='ltr'>brOS,</span> <span class='ocrx_word' id='word_1_48' title='bbox 549 955 619 1008; x_wconf 80' lang='lat' dir='ltr'>et</span> <span class='ocrx_word' id='word_1_49' title='bbox 667 944 739 1007; x_wconf 84' lang='lat' dir='ltr'>in</span> <span class='ocrx_word' id='word_1_50' title='bbox 785 944 952 1007; x_wconf 82' lang='lat' dir='ltr'>istos</span> <span class='ocrx_word' id='word_1_51' title='bbox 995 938 1242 1007; x_wconf 80' lang='lat' dir='ltr'>saltem</span> <span class='ocrx_word' id='word_1_52' title='bbox 1293 939 1634 1008; x_wconf 79' lang='lat' dir='ltr'><em>incidant.</em></span> <span class='ocrx_word' id='word_1_53' title='bbox 1705 941 2021 1039; x_wconf 78' lang='lat' dir='ltr'><em>Ideoque</em></span> <span class='ocrx_word' id='word_1_54' title='bbox 2081 944 2244 1011; x_wconf 81' lang='lat' dir='ltr'>utile</span> <span class='ocrx_word' id='word_1_55' title='bbox 2292 960 2417 1035; x_wconf 83' lang='lat' dir='ltr'>est,</span> 
     </span>
     <span class='ocr_line' id='line_1_8' title="bbox 271 1063 2421 1161; baseline 0 -27"><span class='ocrx_word' id='word_1_56' title='bbox 271 1067 511 1161; x_wconf 81' lang='lat' dir='ltr'>plures</span> <span class='ocrx_word' id='word_1_57' title='bbox 552 1092 597 1133; x_wconf 83' lang='grc' dir='ltr'><em>α</em></span> <span class='ocrx_word' id='word_1_58' title='bbox 627 1064 949 1157; x_wconf 80' lang='lat' dir='ltr'>pluribus</span> <span class='ocrx_word' id='word_1_59' title='bbox 965 1064 1142 1158; x_wconf 82' lang='lat' dir='ltr'>fieri</span> <span class='ocrx_word' id='word_1_60' title='bbox 1177 1063 1444 1131; x_wconf 79' lang='lat' dir='ltr'>diverso</span> <span class='ocrx_word' id='word_1_61' title='bbox 1489 1064 1643 1132; x_wconf 78' lang='lat' dir='ltr'>stilo</span> <span class='ocrx_word' id='word_1_62' title='bbox 1670 1115 1694 1154; x_wconf 91' lang='lat'><em>9</em></span> <span class='ocrx_word' id='word_1_63' title='bbox 1734 1092 1878 1134; x_wconf 85' lang='lat' dir='ltr'>non</span> <span class='ocrx_word' id='word_1_64' title='bbox 1920 1066 2192 1135; x_wconf 77' lang='lat' dir='ltr'>diversa</span> <span class='ocrx_word' id='word_1_65' title='bbox 2212 1066 2371 1160; x_wconf 77' lang='lat' dir='ltr'>fide</span> <span class='ocrx_word' id='word_1_66' title='bbox 2395 1117 2421 1158; x_wconf 93' lang='lat'><em>9</em></span> 
     </span>
     <span class='ocr_line' id='line_1_9' title="bbox 280 1185 2421 1283; baseline -0 -25"><span class='ocrx_word' id='word_1_67' title='bbox 280 1194 488 1258; x_wconf 83' lang='lat' dir='ltr'>etiam</span> <span class='ocrx_word' id='word_1_68' title='bbox 525 1187 610 1255; x_wconf 84' lang='lat' dir='ltr'>de</span> <span class='ocrx_word' id='word_1_69' title='bbox 651 1190 1143 1282; x_wconf 65' lang='lat' dir='ltr'><em>quaestionibus</em></span> <span class='ocrx_word' id='word_1_70' title='bbox 1172 1185 1473 1276; x_wconf 80' lang='lat' dir='ltr'>eisdem,</span> <span class='ocrx_word' id='word_1_71' title='bbox 1513 1200 1592 1254; x_wconf 79' lang='lat' dir='ltr'>ut</span> <span class='ocrx_word' id='word_1_72' title='bbox 1625 1187 1724 1254; x_wconf 84' lang='lat' dir='ltr'>ad</span> <span class='ocrx_word' id='word_1_73' title='bbox 1743 1189 2084 1279; x_wconf 78' lang='lat' dir='ltr'>plurimos</span> <span class='ocrx_word' id='word_1_74' title='bbox 2123 1217 2232 1259; x_wconf 79' lang='lat' dir='ltr'>res</span> <span class='ocrx_word' id='word_1_75' title='bbox 2264 1194 2421 1283; x_wconf 83' lang='lat' dir='ltr'>ipsa</span> 
     </span>
     <span class='ocr_line' id='line_1_10' title="bbox 268 1309 1989 1407; baseline -0.001 -26"><span class='ocrx_word' id='word_1_76' title='bbox 268 1317 635 1407; x_wconf 73' lang='lat' dir='ltr'>perveniat</span> <span class='ocrx_word' id='word_1_77' title='bbox 661 1361 685 1401; x_wconf 92' lang='lat'><em>9</em></span> <span class='ocrx_word' id='word_1_78' title='bbox 728 1310 825 1379; x_wconf 81' lang='lat' dir='ltr'>ad</span> <span class='ocrx_word' id='word_1_79' title='bbox 854 1310 1028 1379; x_wconf 81' lang='lat' dir='ltr'>alios</span> <span class='ocrx_word' id='word_1_80' title='bbox 1064 1314 1202 1400; x_wconf 80' lang='lat' dir='ltr'>sic,</span> <span class='ocrx_word' id='word_1_81' title='bbox 1248 1309 1347 1378; x_wconf 82' lang='lat' dir='ltr'>ad</span> <span class='ocrx_word' id='word_1_82' title='bbox 1383 1309 1556 1378; x_wconf 80' lang='lat' dir='ltr'>alios</span> <span class='ocrx_word' id='word_1_83' title='bbox 1598 1324 1833 1378; x_wconf 78' lang='lat' dir='ltr'>autem</span> <span class='ocrx_word' id='word_1_84' title='bbox 1868 1316 1989 1380; x_wconf 84' lang='lat' dir='ltr'>sic.</span> 
     </span>
     <span class='ocr_line' id='line_1_11' title="bbox 378 1432 2424 1530; baseline 0 -26"><span class='ocrx_word' id='word_1_85' title='bbox 378 1432 775 1505; x_wconf 82' lang='lat' dir='ltr'>Accedebat</span> <span class='ocrx_word' id='word_1_86' title='bbox 799 1488 815 1520; x_wconf 84' lang='lat'><em>9</em></span> <span class='ocrx_word' id='word_1_87' title='bbox 854 1433 1040 1530; x_wconf 87' lang='lat' dir='ltr'>quod</span> <span class='ocrx_word' id='word_1_88' title='bbox 1064 1486 1082 1524; x_wconf 91' lang='lat'><em>9</em></span> <span class='ocrx_word' id='word_1_89' title='bbox 1107 1459 1327 1529; x_wconf 89' lang='lat' dir='ltr'>quum</span> <span class='ocrx_word' id='word_1_90' title='bbox 1365 1452 1758 1526; x_wconf 90' lang='lat' dir='ltr'>postremus</span> <span class='ocrx_word' id='word_1_91' title='bbox 1788 1460 2143 1526; x_wconf 83' lang='lat' dir='ltr'>aggressus</span> <span class='ocrx_word' id='word_1_92' title='bbox 2175 1437 2304 1503; x_wconf 87' lang='lat' dir='ltr'>sim</span> <span class='ocrx_word' id='word_1_93' title='bbox 2334 1435 2424 1505; x_wconf 90' lang='lat' dir='ltr'>ad</span> 
     </span>
     <span class='ocr_line' id='line_1_12' title="bbox 279 1554 2420 1651; baseline -0.001 -23"><span class='ocrx_word' id='word_1_94' title='bbox 279 1559 414 1628; x_wconf 92' lang='lat' dir='ltr'>hoc</span> <span class='ocrx_word' id='word_1_95' title='bbox 446 1561 659 1650; x_wconf 82' lang='lat' dir='ltr'>genus</span> <span class='ocrx_word' id='word_1_96' title='bbox 682 1555 1165 1626; x_wconf 84' lang='lat' dir='ltr'>doctrinarum</span> <span class='ocrx_word' id='word_1_97' title='bbox 1194 1554 1641 1624; x_wconf 87' lang='lat' dir='ltr'>tractandum</span> <span class='ocrx_word' id='word_1_98' title='bbox 1667 1609 1684 1647; x_wconf 97' lang='lat'><em>9</em></span> <span class='ocrx_word' id='word_1_99' title='bbox 1710 1576 2076 1626; x_wconf 87' lang='lat' dir='ltr'>auctorum</span> <span class='ocrx_word' id='word_1_100' title='bbox 2102 1561 2420 1651; x_wconf 83' lang='lat' dir='ltr'>priorum</span> 
     </span>
     <span class='ocr_line' id='line_1_13' title="bbox 281 1678 2421 1778; baseline 0 -27"><span class='ocrx_word' id='word_1_101' title='bbox 281 1684 536 1778; x_wconf 89' lang='lat' dir='ltr'>opibus</span> <span class='ocrx_word' id='word_1_102' title='bbox 569 1683 1003 1775; x_wconf 80' lang='lat' dir='ltr'>locupletare</span> <span class='ocrx_word' id='word_1_103' title='bbox 1038 1678 1407 1749; x_wconf 89' lang='lat' dir='ltr'>commode</span> <span class='ocrx_word' id='word_1_104' title='bbox 1433 1683 1787 1774; x_wconf 91' lang='lat' dir='ltr'>potuerim</span> <span class='ocrx_word' id='word_1_105' title='bbox 1819 1684 2124 1775; x_wconf 89' lang='lat' dir='ltr'>inopiam</span> <span class='ocrx_word' id='word_1_106' title='bbox 2155 1708 2421 1774; x_wconf 66' lang='lat' dir='ltr'>meam,</span> 
     </span>
     <span class='ocr_line' id='line_1_14' title="bbox 279 1787 2423 1902; baseline -0 -27"><span class='ocrx_word' id='word_1_107' title='bbox 279 1807 445 1876; x_wconf 91' lang='lat' dir='ltr'>hinc</span> <span class='ocrx_word' id='word_1_108' title='bbox 476 1861 492 1898; x_wconf 93' lang='lat'><em>9</em></span> <span class='ocrx_word' id='word_1_109' title='bbox 526 1833 735 1902; x_wconf 90' lang='lat' dir='ltr'>quam</span> <span class='ocrx_word' id='word_1_110' title='bbox 775 1805 1183 1873; x_wconf 81' lang='lat' dir='ltr'>detrimenti</span> <span class='ocrx_word' id='word_1_111' title='bbox 1215 1802 1606 1900; x_wconf 85' lang='lat' dir='ltr'>quidquam</span> <span class='ocrx_word' id='word_1_112' title='bbox 1649 1831 1887 1873; x_wconf 92' lang='lat' dir='ltr'>eorum</span> <span class='ocrx_word' id='word_1_113' title='bbox 1929 1804 2319 1874; x_wconf 86' lang='lat' dir='ltr'>multitudo</span> <span class='ocrx_word' id='word_1_114' title='bbox 2354 1787 2423 1874; x_wconf 89' lang='lat' dir='ltr'>et</span> 
     </span>
     <span class='ocr_line' id='line_1_15' title="bbox 279 1926 2420 2023; baseline 0 -25"><span class='ocrx_word' id='word_1_115' title='bbox 279 1931 621 2023; x_wconf 88' lang='lat' dir='ltr'>sapientia</span> <span class='ocrx_word' id='word_1_116' title='bbox 683 1929 958 1997; x_wconf 85' lang='lat' dir='ltr'>afferret</span> <span class='ocrx_word' id='word_1_117' title='bbox 1022 1928 1208 2019; x_wconf 89' lang='lat' dir='ltr'>operi</span> <span class='ocrx_word' id='word_1_118' title='bbox 1264 1953 1461 2017; x_wconf 80' lang='lat' dir='ltr'>mee,</span> <span class='ocrx_word' id='word_1_119' title='bbox 1523 1930 1826 2020; x_wconf 85' lang='lat' dir='ltr'>pretium</span> <span class='ocrx_word' id='word_1_120' title='bbox 1897 1931 2131 2021; x_wconf 89' lang='lat' dir='ltr'>potius</span> <span class='ocrx_word' id='word_1_121' title='bbox 2194 1926 2420 1998; x_wconf 91' lang='lat' dir='ltr'>eidem</span> 
     </span>
     <span class='ocr_line' id='line_1_16' title="bbox 278 2048 2416 2146; baseline -0.001 -24"><span class='ocrx_word' id='word_1_122' title='bbox 278 2055 577 2142; x_wconf 83' lang='lat' dir='ltr'>faceret,</span> <span class='ocrx_word' id='word_1_123' title='bbox 631 2048 1296 2144; x_wconf 86' lang='lat' dir='ltr'>commendaretque</span> <span class='ocrx_word' id='word_1_124' title='bbox 1340 2050 1523 2116; x_wconf 87' lang='lat' dir='ltr'>illud</span> <span class='ocrx_word' id='word_1_125' title='bbox 1563 2050 1984 2141; x_wconf 79' lang='lat' dir='ltr'>lectoribUS,</span> <span class='ocrx_word' id='word_1_126' title='bbox 2031 2054 2289 2146; x_wconf 89' lang='lat' dir='ltr'>quippe</span> <span class='ocrx_word' id='word_1_127' title='bbox 2346 2054 2416 2120; x_wconf 89' lang='lat' dir='ltr'>in</span> 
     </span>
     <span class='ocr_line' id='line_1_17' title="bbox 281 2171 2419 2273; baseline 0 -29"><span class='ocrx_word' id='word_1_128' title='bbox 281 2202 470 2273; x_wconf 81' lang='lat' dir='ltr'>que,</span> <span class='ocrx_word' id='word_1_129' title='bbox 530 2192 875 2271; x_wconf 88' lang='lat' dir='ltr'>quantum</span> <span class='ocrx_word' id='word_1_130' title='bbox 935 2171 1254 2242; x_wconf 88' lang='lat' dir='ltr'>habenda</span> <span class='ocrx_word' id='word_1_131' title='bbox 1316 2172 1679 2242; x_wconf 84' lang='lat' dir='ltr'>brevitatis</span> <span class='ocrx_word' id='word_1_132' title='bbox 1745 2175 1925 2240; x_wconf 87' lang='lat' dir='ltr'>ratio</span> <span class='ocrx_word' id='word_1_133' title='bbox 1983 2176 2419 2266; x_wconf 88' lang='lat' dir='ltr'>patiebatur,</span> 
     </span>
     <span class='ocr_line' id='line_1_18' title="bbox 279 2297 2418 2392; baseline -0.002 -23"><span class='ocrx_word' id='word_1_134' title='bbox 279 2300 574 2370; x_wconf 89' lang='lat' dir='ltr'>collecta</span> <span class='ocrx_word' id='word_1_135' title='bbox 606 2297 939 2392; x_wconf 89' lang='lat' dir='ltr'>pleraque</span> <span class='ocrx_word' id='word_1_136' title='bbox 982 2297 1417 2386; x_wconf 85' lang='lat' dir='ltr'>invenirent,</span> <span class='ocrx_word' id='word_1_137' title='bbox 1464 2321 1615 2389; x_wconf 83' lang='lat' dir='ltr'>quae</span> <span class='ocrx_word' id='word_1_138' title='bbox 1655 2321 1693 2363; x_wconf 90' lang='lat' dir='ltr'>a</span> <span class='ocrx_word' id='word_1_139' title='bbox 1736 2299 1980 2364; x_wconf 89' lang='lat' dir='ltr'>ceteris</span> <span class='ocrx_word' id='word_1_140' title='bbox 2031 2301 2418 2367; x_wconf 88' lang='lat' dir='ltr'>accuratius</span> 
     </span>
     <span class='ocr_line' id='line_1_19' title="bbox 279 2421 2415 2516; baseline -0.001 -23"><span class='ocrx_word' id='word_1_141' title='bbox 279 2442 444 2493; x_wconf 90' lang='lat' dir='ltr'>sunt</span> <span class='ocrx_word' id='word_1_142' title='bbox 499 2421 895 2516; x_wconf 84' lang='lat' dir='ltr'>disputata,</span> <span class='ocrx_word' id='word_1_143' title='bbox 938 2445 1219 2516; x_wconf 88' lang='lat' dir='ltr'>unoque</span> <span class='ocrx_word' id='word_1_144' title='bbox 1266 2421 1336 2486; x_wconf 89' lang='lat' dir='ltr'>in</span> <span class='ocrx_word' id='word_1_145' title='bbox 1393 2435 1767 2511; x_wconf 87' lang='lat' dir='ltr'>conspectu</span> <span class='ocrx_word' id='word_1_146' title='bbox 1813 2423 2134 2490; x_wconf 85' lang='lat' dir='ltr'>universa</span> <span class='ocrx_word' id='word_1_147' title='bbox 2185 2425 2415 2491; x_wconf 90' lang='lat' dir='ltr'>intue-</span> 
     </span>
     <span class='ocr_line' id='line_1_20' title="bbox 278 2541 2413 2620; baseline -0.003 0"><span class='ocrx_word' id='word_1_148' title='bbox 278 2568 542 2620; x_wconf 86' lang='lat' dir='ltr'>rentur.</span> <span class='ocrx_word' id='word_1_149' title='bbox 605 2544 799 2617; x_wconf 89' lang='lat' dir='ltr'>Illud</span> <span class='ocrx_word' id='word_1_150' title='bbox 859 2572 1022 2614; x_wconf 90' lang='lat' dir='ltr'>vero</span> <span class='ocrx_word' id='word_1_151' title='bbox 1062 2541 1346 2613; x_wconf 87' lang='lat' dir='ltr'>tandem</span> <span class='ocrx_word' id='word_1_152' title='bbox 1392 2570 1498 2611; x_wconf 93' lang='lat' dir='ltr'>me</span> <span class='ocrx_word' id='word_1_153' title='bbox 1543 2543 2154 2615; x_wconf 80' lang='lat' dir='ltr'>vehementissime</span> <span class='ocrx_word' id='word_1_154' title='bbox 2219 2571 2413 2616; x_wconf 90' lang='lat' dir='ltr'>com-</span> 
     </span>
     <span class='ocr_line' id='line_1_21' title="bbox 279 2664 2413 2769; baseline -0.003 -25"><span class='ocrx_word' id='word_1_155' title='bbox 279 2674 610 2744; x_wconf 87' lang='lat' dir='ltr'>movebat</span> <span class='ocrx_word' id='word_1_156' title='bbox 666 2697 743 2769; x_wconf 83' lang='lat' dir='ltr'>ac</span> <span class='ocrx_word' id='word_1_157' title='bbox 808 2670 1027 2740; x_wconf 90' lang='lat' dir='ltr'>veluti</span> <span class='ocrx_word' id='word_1_158' title='bbox 1081 2670 1224 2762; x_wconf 89' lang='lat' dir='ltr'>spei</span> <span class='ocrx_word' id='word_1_159' title='bbox 1284 2664 1557 2736; x_wconf 79' lang='lat' dir='ltr'>blandae</span> <span class='ocrx_word' id='word_1_160' title='bbox 1610 2669 1913 2737; x_wconf 90' lang='lat' dir='ltr'>stimulis</span> <span class='ocrx_word' id='word_1_161' title='bbox 1972 2669 2413 2760; x_wconf 78' lang='lat' dir='ltr'>concitabat,</span> 
     </span>
     <span class='ocr_line' id='line_1_22' title="bbox 280 2790 2418 2866; baseline -0.003 0"><span class='ocrx_word' id='word_1_162' title='bbox 280 2797 431 2866; x_wconf 87' lang='lat' dir='ltr'>fore</span> <span class='ocrx_word' id='word_1_163' title='bbox 471 2815 552 2866; x_wconf 92' lang='lat' dir='ltr'>ut</span> <span class='ocrx_word' id='word_1_164' title='bbox 592 2795 721 2864; x_wconf 91' lang='lat' dir='ltr'>hac</span> <span class='ocrx_word' id='word_1_165' title='bbox 755 2819 907 2863; x_wconf 89' lang='lat' dir='ltr'>mea</span> <span class='ocrx_word' id='word_1_166' title='bbox 952 2796 1294 2862; x_wconf 86' lang='lat' dir='ltr'>tenuitate</span> <span class='ocrx_word' id='word_1_167' title='bbox 1337 2790 1596 2860; x_wconf 91' lang='lat' dir='ltr'>laboris</span> <span class='ocrx_word' id='word_1_168' title='bbox 1634 2817 1769 2859; x_wconf 87' lang='lat' dir='ltr'>non</span> <span class='ocrx_word' id='word_1_169' title='bbox 1816 2811 2099 2862; x_wconf 88' lang='lat' dir='ltr'>tenuem</span> <span class='ocrx_word' id='word_1_170' title='bbox 2135 2793 2418 2861; x_wconf 88' lang='lat' dir='ltr'>fortasse</span> 
     </span>
     <span class='ocr_line' id='line_1_23' title="bbox 282 2915 2412 3013; baseline -0.002 -25"><span class='ocrx_word' id='word_1_171' title='bbox 282 2945 564 3013; x_wconf 86' lang='lat' dir='ltr'>operam</span> <span class='ocrx_word' id='word_1_172' title='bbox 608 2942 936 2986; x_wconf 86' lang='lat' dir='ltr'>navarem</span> <span class='ocrx_word' id='word_1_173' title='bbox 974 2916 1422 2984; x_wconf 81' lang='lat' dir='ltr'>sanctissimae</span> <span class='ocrx_word' id='word_1_174' title='bbox 1453 2931 1708 2982; x_wconf 75' lang='lat' dir='ltr'>nostrae</span> <span class='ocrx_word' id='word_1_175' title='bbox 1750 2915 2110 3007; x_wconf 82' lang='lat' dir='ltr'>religioni,</span> <span class='ocrx_word' id='word_1_176' title='bbox 2151 2941 2362 3012; x_wconf 90' lang='lat' dir='ltr'>quam</span> <span class='ocrx_word' id='word_1_177' title='bbox 2394 2969 2412 3006; x_wconf 93' lang='lat'><em>9</em></span> 
     </span>
     <span class='ocr_line' id='line_1_24' title="bbox 282 3038 2414 3132; baseline -0.002 -21"><span class='ocrx_word' id='word_1_178' title='bbox 282 3042 419 3111; x_wconf 91' lang='lat' dir='ltr'>hoc</span> <span class='ocrx_word' id='word_1_179' title='bbox 456 3041 756 3110; x_wconf 87' lang='lat' dir='ltr'>maxime</span> <span class='ocrx_word' id='word_1_180' title='bbox 795 3057 1154 3132; x_wconf 90' lang='lat' dir='ltr'>tempore,</span> <span class='ocrx_word' id='word_1_181' title='bbox 1194 3039 1406 3106; x_wconf 90' lang='lat' dir='ltr'>tantis</span> <span class='ocrx_word' id='word_1_182' title='bbox 1440 3038 1763 3106; x_wconf 85' lang='lat' dir='ltr'>afflictam</span> <span class='ocrx_word' id='word_1_183' title='bbox 1801 3041 2130 3108; x_wconf 82' lang='lat' dir='ltr'>aerumnis</span> <span class='ocrx_word' id='word_1_184' title='bbox 2167 3057 2414 3132; x_wconf 91' lang='lat' dir='ltr'>totque</span> 
     </span>
     <span class='ocr_line' id='line_1_25' title="bbox 281 3159 2411 3253; baseline -0.003 -19"><span class='ocrx_word' id='word_1_185' title='bbox 281 3165 772 3234; x_wconf 89' lang='lat' dir='ltr'>calamitatum</span> <span class='ocrx_word' id='word_1_186' title='bbox 797 3160 1418 3231; x_wconf 88' lang='lat' dir='ltr'>turbulentissimis</span> <span class='ocrx_word' id='word_1_187' title='bbox 1453 3161 1783 3230; x_wconf 90' lang='lat' dir='ltr'>fluctibus</span> <span class='ocrx_word' id='word_1_188' title='bbox 1820 3164 2239 3253; x_wconf 85' lang='lat' dir='ltr'>exagitatam</span> <span class='ocrx_word' id='word_1_189' title='bbox 2279 3159 2411 3229; x_wconf 92' lang='lat' dir='ltr'>do-</span> 
     </span>
    </p>
   </div>
   <div class='ocr_carea' id='block_1_3' title="bbox 279 3282 2413 3491">
    <p class='ocr_par' dir='ltr' id='par_1_3' title="bbox 279 3282 2413 3491">
     <span class='ocr_line' id='line_1_26' title="bbox 279 3282 2413 3381; baseline -0.003 -23"><span class='ocrx_word' id='word_1_190' title='bbox 279 3289 529 3358; x_wconf 60' lang='lat' dir='ltr'>lemus</span> <span class='ocrx_word' id='word_1_191' title='bbox 590 3288 866 3355; x_wconf 88' lang='lat' dir='ltr'>Etenim</span> <span class='ocrx_word' id='word_1_192' title='bbox 922 3312 1144 3354; x_wconf 89' lang='lat' dir='ltr'>unum</span> <span class='ocrx_word' id='word_1_193' title='bbox 1203 3285 1457 3354; x_wconf 90' lang='lat' dir='ltr'>horum</span> <span class='ocrx_word' id='word_1_194' title='bbox 1513 3282 1805 3381; x_wconf 87' lang='lat' dir='ltr'>aliquod</span> <span class='ocrx_word' id='word_1_195' title='bbox 1858 3285 2209 3353; x_wconf 89' lang='lat' dir='ltr'>bonorum</span> <span class='ocrx_word' id='word_1_196' title='bbox 2248 3282 2413 3351; x_wconf 90' lang='lat' dir='ltr'>inde</span> 
     </span>
     <span class='ocr_line' id='line_1_27' title="bbox 282 3391 2413 3491; baseline -0.004 -23"><span class='ocrx_word' id='word_1_197' title='bbox 282 3400 666 3468; x_wconf 86' lang='lat' dir='ltr'>extiturum</span> <span class='ocrx_word' id='word_1_198' title='bbox 705 3398 1106 3491; x_wconf 86' lang='lat' dir='ltr'>sperabam,</span> <span class='ocrx_word' id='word_1_199' title='bbox 1146 3421 1395 3490; x_wconf 90' lang='lat' dir='ltr'>nempe</span> <span class='ocrx_word' id='word_1_200' title='bbox 1434 3413 1554 3487; x_wconf 89' lang='lat' dir='ltr'>ut,</span> <span class='ocrx_word' id='word_1_201' title='bbox 1589 3391 1760 3464; x_wconf 90' lang='lat' dir='ltr'>dum</span> <span class='ocrx_word' id='word_1_202' title='bbox 1802 3394 2015 3486; x_wconf 86' lang='lat' dir='ltr'>magis</span> <span class='ocrx_word' id='word_1_203' title='bbox 2058 3419 2270 3489; x_wconf 90' lang='lat' dir='ltr'>quam</span> <span class='ocrx_word' id='word_1_204' title='bbox 2302 3415 2413 3461; x_wconf 91' lang='lat' dir='ltr'>ve-</span> 
     </span>
    </p>
   </div>
   <div class='ocr_carea' id='block_1_4' title="bbox 350 3669 1161 3737">
    <p class='ocr_par' dir='ltr' id='par_1_4' title="bbox 350 3669 1161 3737">
     <span class='ocr_line' id='line_1_28' title="bbox 350 3669 1161 3737; baseline 0 -19"><span class='ocrx_word' id='word_1_205' title='bbox 350 3672 417 3737; x_wconf 79' lang='lat'>(1)</span> <span class='ocrx_word' id='word_1_206' title='bbox 456 3672 533 3720; x_wconf 86' lang='lat' dir='ltr'>De</span> <span class='ocrx_word' id='word_1_207' title='bbox 565 3673 747 3721; x_wconf 66' lang='lat' dir='ltr'>Tria-it.</span> <span class='ocrx_word' id='word_1_208' title='bbox 787 3670 874 3719; x_wconf 85' lang='lat' dir='ltr'>lib.</span> <span class='ocrx_word' id='word_1_209' title='bbox 911 3689 945 3720; x_wconf 78' lang='grc' dir='ltr'>ι.</span> <span class='ocrx_word' id='word_1_210' title='bbox 975 3688 1076 3736; x_wconf 85' lang='lat' dir='ltr'>cap.</span> <span class='ocrx_word' id='word_1_211' title='bbox 1114 3669 1161 3719; x_wconf 88' lang='lat'>5.</span> 
     </span>
    </p>
   </div>
  </div>
 </body>
</html>
