2554 4140
2065 157 2184 216 155

411 186 541 228 CAP.
594 189 680 226 111.
731 189 800 226 DE
841 187 1027 225 ExlsT.
1078 184 1194 222 mv.
1244 183 1313 221 Ac
1356 180 1658 220 SUPERNAT.
1702 179 1833 219 BEV.

70 328 225 411 apud
263 328 563 391 haereticos
600 329 770 408 longe
807 326 1095 388 severiora
1137 342 1280 382 esse.
1320 323 1743 403 Per-currantur
1766 367 1783 395 ,
1825 342 1954 404 quae
1998 319 2183 380 Elisa-

68 423 245 484 betha
273 426 469 504 regina
494 426 555 485 in
583 423 904 484 Catholicos
925 418 1125 499 anglos
1162 416 1364 476 molita
1395 428 1512 490 est,
1549 440 1677 498 quae
1713 418 2005 499 principes
2039 437 2182 500 pro-

68 529 349 578 testantes
377 520 697 578 etiamnum
737 515 1060 575 moliuntur
1094 510 1370 570 adversus
1404 532 1535 581 eOS,
1568 513 1668 592 qui
1696 514 1942 572 Romam
1978 510 2184 594 appel-

69 613 195 672 lant
215 659 231 687 a
262 625 321 672 et
346 614 567 695 pudore
595 609 852 670 suffundi
887 607 1139 679 debent,
1175 607 1279 686 qui
1304 604 1426 663 haec
1448 604 1695 683 objicere
1726 629 1845 666 non
1878 607 2180 668 desinunt.

70 709 186 767 Sed
214 710 320 767 ista
348 706 816 777 dissimulantur
864 703 999 785 quia
1041 700 1444 760 haereticorum
1476 711 1537 759 et
1569 701 1946 762 sectariorum
1989 714 2131 762 sunt
2163 748 2180 778 .,

70 802 166 861 illa
202 801 667 884 amplificantur,
701 798 835 880 quia
868 795 1316 856 Catholicorum.

155 897 292 957 365.
337 895 424 956 Ad
461 896 577 970 5¹¹¹,
617 896 775 954 Dist.
813 893 872 951 Si
906 914 935 951 a
974 891 1249 971 religione
1289 889 1473 952 caedes
1519 889 1616 950 illa
1648 866 1934 951 nocturna
1965 892 2020 950 S.
2045 894 2187 951 Bar-

72 992 365 1051 tholomaei
401 991 576 1050 fuerit
615 988 709 1048 vel
744 989 1030 1069 imperata
1071 986 1165 1046 vel
1194 987 1514 1068 permissa,
1552 1008 1742 1053 conc„
1734 987 1828 1046 ·si
1862 1008 1894 1045 a
1936 985 2189 1068 politicis

69 1085 419 1159 rationibus
460 1107 590 1164 neq.
620 1084 958 1143 Notandum
993 1103 1167 1164 porro
1193 1093 1280 1141 est
1314 1082 1439 1155 hic,
1489 1082 1552 1140 1ο
1588 1092 1993 1163 exaggeratam
2025 1079 2189 1140 illam

67 1182 286 1242 caedem
314 1202 347 1238 a·
367 1131 660 1262 plerisque
690 1200 846 1251 esse3
881 1179 950 1235 20
987 1177 1329 1252 Calvinistas
1357 1199 1477 1236 non
1519 1178 1628 1236 nisi
1660 1176 1818 1259 apud
1859 1175 2181 1236 Catholicos

73 1276 165 1335 vel
200 1275 483 1335 Parochos
525 1274 622 1334 vel
657 1274 965 1355 Episcopos
1001 1272 1277 1353 effugium
1320 1273 1614 1333 invenisse
1662 1272 1735 1331 ab
1776 1272 1876 1331 illo
1916 1271 2188 1354 populari

72 1372 296 1443 furore3
342 1370 407 1429 30
452 1382 641 1428 ortam
675 1368 837 1427 illam
870 1367 944 1426 ob
978 1377 1291 1450 perpetuos
1325 1366 1727 1427 haereticorum
1761 1366 2047 1426 tumultus
2080 1365 2190 1426 ad-

74 1488 273 1527 versus
312 1463 792 1546 tranquillitatem
827 1463 1025 1543 regni,
1066 1461 1233 1522 nullo
1281 1484 1419 1523 vero
1451 1461 1628 1521 modo
1669 1462 1743 1521 ob
1787 1463 2051 1546 ipsorum
2093 1483 2190 1521 er-

72 1583 250 1621 roreS.
292 1562 567 1620 Attamen
596 1579 903 1640 nunquam
934 1556 1248 1632 desinunt,
1291 1556 1382 1616 his
1414 1556 1823 1632 dissimulatis,
1866 1555 2029 1616 illam
2067 1556 2190 1619 sive

69 1657 319 1717 haeretici
343 1657 466 1717 sive
486 1654 772 1715 increduli
800 1654 969 1714 nobis
997 1655 1287 1734 ingerere,
1313 1675 1448 1714 cum
1484 1654 1683 1735 religio
1706 1654 1989 1714 catholica
2011 1652 2086 1713 ab
2111 1675 2178 1714 ea

71 1772 300 1835 semper
329 1750 696 1811 abhorruerit
723 1751 835 1829 (l).

75 1948 126 1991 in
150 1941 380 1992 Biblioth.
399 1944 542 1991 univ.
563 1951 681 1991 tom.
701 1958 851 1998 xxvn,
875 1941 1086 1990 Tiberius

76 2027 343 2074 faemininus
369 2036 526 2074 vocata
546 2035 628 2074 est.
656 2023 779 2089 Quid
806 2034 962 2072 actum
993 2041 1087 2071 non

76 2117 143 2155 est
189 2109 240 2155 in
282 2106 432 2156 Dania
478 2117 614 2173 atque
662 2105 827 2154 Suevia
872 2106 1089 2154 adversus

76 2188 337 2237 Catholicos
371 2190 384 2237 l
429 2187 531 2254 Quo
564 2190 716 2237 furore
765 2189 816 2235 in
866 2187 1088 2236 Hibernia

76 2270 371 2319 Arminianos
397 2276 698 2335 protestantes
722 2268 950 2335 anglicani
984 2287 1090 2334 per-

75 2355 219 2400 secuti
249 2370 344 2401 non
376 2356 521 2401 sunt?
552 2351 703 2418 Atque
728 2353 888 2400 eadem
911 2346 1110 2399 ratione*

77 2434 378 2483 protestantes
413 2445 457 2483 et
487 2434 712 2483 increduli
731 2471 744 2493 ‚
774 2435 955 2500 quoties
995 2433 1089 2481 cla·

76 2535 187 2564 vum
227 2517 436 2582 gubernii
485 2518 816 2575 obtinuerunt,
858 2515 960 2581 plus
1006 2518 1088 2564 mi·

77 2616 163 2647 nus
192 2600 350 2647 eadem
374 2601 549 2648 ratione
567 2600 743 2664 ubique
770 2599 976 2646 locorum
993 2615 1089 2646 sese

76 2692 325 2745 gesserunt.
346 2682 560 2730 Attamen
583 2681 680 2729 sola
697 2691 1102 2748 commemoratur·

78 2762 317 2829 Inquisitio
339 2763 587 2828 Hispanica
604 2764 679 2810 vel
705 2762 918 2810 Lusitana
943 2800 956 2823 ‚
987 2780 1089 2828 quae

75 2854 229 2893 tamen
270 2863 366 2894 non
406 2846 599 2892 fuerunt
643 2846 734 2891 nisi
779 2845 1089 2893 institutiones

77 2926 324 2989 peculiares
351 2926 544 2991 politicae
562 2927 711 2989 potius
736 2943 876 2990 quam
905 2926 1086 2990 religio-

78 3023 155 3054 sae.
180 3007 270 3056 Sed
292 3009 350 3057 de
375 3008 686 3056 moderatione
726 3007 985 3072 Hispanicae
1009 3007 1089 3056 In-

80 3089 339 3152 quisitionis
365 3095 545 3153 praestat
562 3089 721 3137 audire
740 3100 973 3138 auctorem
995 3092 1088 3138 mi-

79 3169 206 3218 nime
227 3180 487 3235 suspectum
508 3180 644 3236 atque
666 3171 981 3234 inquisitionis
1002 3173 1090 3220 ini-

80 3253 251 3298 micum
271 3287 284 3309 ‚
322 3253 401 3317 qui
421 3289 434 3311 ,
465 3269 570 3300 cum
596 3253 747 3301 officio
778 3254 910 3318 legati
936 3254 1088 3318 gallici

76 3332 141 3379 ibi
169 3333 357 3381 functus
386 3344 529 3394 esset,
556 3334 662 3383 'haec
689 3337 869 3398 scripsit
900 3353 915 3383 :
947 3334 1086 3383 L'in-

75 3415 310 3478 quisition
353 3417 581 3480 pourrait
600 3420 695 3464 ecre
734 3419 881 3479 citee,
915 3418 972 3465 de
998 3434 1086 3466 nos

62 3498 207 3560 joun
243 3499 261 3559 (
293 3497 380 3544 sub
421 3496 586 3546 Carolo
633 3516 666 3546 11
706 3499 839 3564 Hisp.
884 3500 1081 3565 Rege),

77 3594 254 3627 comme
278 3596 348 3626 un
378 3579 558 3628 modele
588 3580 868 3646 d'e'quiten„
880 3582 996 3649 plus
1026 3583 1084 3632 de

77 3662 205 3725 neus
226 3679 316 3710 avus
350 3663 406 3710 de
443 3665 603 3728 sejour
639 3672 682 3710 et
715 3665 1081 3715 &observatione

1171 1942 1316 1990 m’ont
1342 1946 1525 2008 prouve
1544 1941 1736 2007 qu’avee
1766 1940 1965 2007 quelque
1999 1944 2188 1990 circon-

1170 2025 1380 2089 spection
1418 2023 1543 2072 dam
1579 2041 1652 2072 ses
1686 2040 1864 2090 propos
1907 2032 1952 2071 et
1988 2040 2044 2071 sa
2071 2040 2187 2072 con-

1170 2106 1332 2165 duite,
1382 2104 1703 2154 relativemem
1732 2106 1763 2153 ὰ
1789 2104 1836 2153 Ia
1862 2103 2064 2170 reliqion
2088 2142 2101 2164 ,
2129 2121 2191 2152 on

1163 2195 1283 2254 peut
1298 2186 1578 2252 facilement
1604 2186 1678 2235 lui
1700 2186 1963 2253 echapper,
1988 2195 2035 2234 et
2055 2187 2190 2235 vivre

1178 2271 1316 2317 aussi
1334 2269 1721 2335 tranquillement
1734 2287 1793 2317 en
1808 2268 2032 2335 Espaqne
2047 2269 2190 2334 qu’en

1170 2368 1332 2401 aucun
1367 2361 1504 2400 autre
1529 2369 1657 2418 pays
1697 2352 1754 2399 de
1781 2351 2015 2417 I’Europe
2043 2354 2057 2415 (
2088 2351 2191 2399 Ta·

1169 2433 1308 2482 bleau
1332 2434 1389 2482 de
1414 2433 1679 2500 I’Eepayne
1701 2469 1716 2491 ,
1749 2443 1866 2482 tom.
1889 2450 1907 2481 1
1923 2470 1937 2495 ‚
1957 2451 2006 2499 p.
2025 2429 2125 2483 388
2149 2434 2190 2496 ).

1170 2515 1277 2565 Vid.
1292 2517 1327 2563 F
1331 2519 1597 2582 rayssinous
1607 2554 1618 2574 ‚
1641 2516 1938 2580 Confer-enee
1951 2532 2038 2563 sur
2049 2513 2096 2563 la
2114 2531 2190 2562 re-

1170 2597 1324 2662 lv‘qion
1337 2603 1508 2663 venyee
1523 2599 1588 2645 du
1603 2599 1824 2663 repr-ocho
1838 2597 1895 2644 de
1903 2597 2169 2662 fanatisme
2179 2633 2194 2648 ..

1240 2681 1301 2743 (l)
1339 2679 1556 2744 Apposite
1571 2680 1778 2728 observat
1800 2679 1998 2738 Cobbet,
2020 2678 2105 2742 Ep.
2127 2695 2154 2724 x
2172 2710 2191 2737 ,

1171 2761 1343 2809 caedem
1370 2760 1421 2808 S.
1444 2759 1774 2808 Bartholomaei
1802 2778 1898 2808 non
1926 2759 2065 2807 aliam
2093 2761 2189 2807 ori-

1169 2845 1320 2908 ginem
1353 2843 1595 2901 habuisse,
1621 2845 1708 2890 nisi
1728 2843 1974 2890 vindictam
1998 2878 2010 2902 ,
2045 2858 2192 2907 quam

1171 2923 1339 2987 Guisaei
1373 2925 1470 2972 dux
1503 2929 1707 2973 sumsita
1739 2924 1809 2973 De
1840 2923 2046 2990 Colygny
2065 2927 2191 2990 ejus-

1171 3023 1262 3072 que
1293 3006 1472 3055 asseclis
1491 3043 1504 3063 ,
1545 3024 1744 3073 quorum
1781 3023 1917 3072 opera
1945 3007 2194 3071 proditorie

1170 3078 1434 3137 interfectus
1467 3089 1615 3137 fuerat
1662 3093 1764 3155 ejus
1806 3100 1937 3154 pater
1977 3089 2191 3137 Francis-

1171 3186 1250 3218 cus
1268 3169 1884 3237 Lotharingiae‚'duxGuisae
1907 3209 1919 3231 ‚
1952 3182 1996 3220 et
2016 3173 2191 3220 traditae

1174 3252 1330 3315 Anglis
1370 3255 1578 3302 civitates
1622 3255 1807 3320 Dieppe
1855 3263 1900 3302 et
1934 3252 1997 3301 Le
2023 3253 2193 3302 Havre

1169 3334 1254 3382 suh
1289 3334 1549 3383 Elisabetha
1577 3371 1591 3396 ‚
1619 3339 1755 3402 cujus
1777 3335 2000 3384 instinctu
2037 3335 2194 3383 Calvi·

1166 3421 1296 3465 nistae
1333 3427 1399 3465 tot
1426 3427 1551 3467 actus
1575 3418 1902 3482 perduellionis
1942 3420 1993 3465 in
2036 3415 2193 3464 Galliis

1175 3499 1500 3549 moliebantur.
1532 3499 1658 3550 Adeo
1687 3518 1847 3549 verum
1885 3509 1985 3560 est,
2010 3499 2195 3563 religio-

1172 3599 1278 3630 nem
1300 3581 1498 3631 alienam
1528 3586 1720 3631 omnino
1749 3599 1844 3631 esse
1872 3581 1940 3628 ab
1963 3580 2194 3647 ejusmodi
2275 3637 2278 3640 ¹

1168 3662 1468 3713 tumultibus.
1488 3665 1703 3713 Attamen
1731 3666 1806 3712 vix
1820 3664 1944 3728 legas
1958 3672 2191 3711 auctorem
