2554 4140
366 87 442 146 96

1029 104 1096 140 DB
1139 105 1285 145 VERA
1330 106 1451 144 REI..
1504 109 1636 145 Anv.
1692 109 1844 147 lucu.

364 253 510 314 adeo
562 249 936 310 manifestum
983 247 1092 306 fuit
1113 295 1129 323 7
1174 260 1243 307 ut
1287 249 1461 309 multi
1504 250 1684 309 etiam
1728 249 1948 311 ethnici
1994 257 2310 317 veritatem
2354 258 2507 318 vati-

363 351 650 410 ciniorum
675 343 1026 409 biblicorum
1064 347 1412 426 agnoverint
1440 347 1557 427 (l).

443 444 583 503 229.
632 440 722 501 Ad
763 439 881 517 41117
920 442 1077 501 Dz'st.
1122 441 1348 517 Rudes7
1398 454 1459 502 et
1502 441 1723 524 absque
1767 443 2195 506 sufficientibus
2224 449 2459 511 motivis
2488 496 2503 524 7

360 562 552 607 conc.‚·
587 538 871 598 doctiores
901 549 961 598 et
995 538 1291 620 sapientes
1317 583 1334 613 7
1371 561 1502 620 neq.
1538 538 1895 598 Recolantur
1934 542 2202 621 superius
2245 542 2417 603 dicta.

441 636 585 696 230.
635 635 727 695 Ad
755 634 872 708 5¹1¹,
909 637 1069 695 Disc.
1098 634 1257 712 Quin
1294 634 1449 694 edita
1482 635 1601 694 sint
1629 635 1693 694 in
1722 636 2234 698 confirmationem
2266 640 2501 715 erroris7

360 746 550 794 trans.
571 757 591 800 ;
624 752 786 791 secus
806 778 822 807 7
850 753 980 811 neq.
1012 731 1227 790 Omnia
1250 729 1497 791 obscura
1520 743 1579 791 et
1613 732 1838 792 incerta
1866 744 2006 791 sunt
2028 779 2044 809 7
2078 756 2209 817 quae
2235 746 2506 818 spectant

358 831 433 892 ad
469 828 771 912 deperdita
812 826 1095 908 Sibyllina
1133 827 1429 900 carmina3
1477 827 1598 886 sola
1631 827 1801 888 nobis
1833 842 2150 890 remanent
2171 876 2187 906 7
2242 848 2373 914 quae
2408 853 2508 892 re-

358 928 585 989 censuit
619 923 1069 1005 Virgilius(Ecl.
1111 924 1235 1002 IV)
1282 945 1296 981 ι
1356 923 1585 982 Ultima
1634 924 1910 1003 Cumaei,
1957 937 2069 985 etc.
2105 974 2119 1002 7
2169 949 2300 1009 quae
2347 939 2506 987 certe

358 1025 667 1085 continent
695 1022 773 1081 de
805 1020 1035 1079 Christo
1072 1019 1457 1093 vaticinium7
1505 1018 1795 1101 quidquid
1836 1043 1971 1080 cum
2016 1024 2133 1080 suis
2177 1023 2503 1098 contendat

357 1122 564 1202 Heyne
583 1118 691 1201 (2).
721 1117 958 1176 Diversa
976 1126 1115 1175 sunt
1134 1127 1408 1176 veterum
1427 1114 1649 1193 judicia
1674 1116 1820 1174 circa
1844 1116 1964 1176 illa.
1994 1118 2279 1177 Nonnulli
2305 1121 2504 1178 Patres

357 1226 600 1277 censent
626 1217 819 1275 Deum
840 1234 948 1295 per
984 1210 1231 1292 sibyllas
1265 1232 1405 1272 vere
1442 1209 1692 1270 edidisse
1734 1212 2008 1271 vaticinia
2041 1213 2191 1273 sicut
2220 1214 2364 1274 olim
2398 1236 2504 1297 per

356 1313 608 1394 impium
642 1309 896 1371 Balaam.
925 1311 1069 1382 Quae
1102 1329 1263 1367 nunc
1294 1317 1569 1390 prostant
1589 1309 1653 1365 in
1677 1304 2036 1367 bibliotheca
2064 1311 2306 1368 Patrum
2326 1354 2342 1384 7
2372 1320 2505 1368 tum

356 1429 485 1491 quae
528 1431 598 1469 ex
634 1405 930 1467 codicibus
974 1403 1360 1463 ambrosianis
1407 1416 1466 1462 et
1502 1403 1784 1463 vaticanis
1829 1425 2022 1486 nuper
2074 1403 2372 1486 evulgavit
2414 1404 2500 1465 Cl.

356 1506 542 1565 Maius
565 1551 580 1581 7
620 1526 690 1565 ex
716 1503 985 1563 omnium
1023 1501 1360 1561 criticorum
1392 1498 1613 1578 judicio
1653 1499 1850 1581 spuria
1876 1512 2015 1558 sunt
2044 1499 2153 1581 (3).

425 1731 495 1795 (l)
533 1730 604 1780 Ita
625 1729 820 1797 quidem
856 1727 1018 1791 Jahn,
1056 1744 1130 1792 op.
1178 1728 1282 1788 cit„
1305 1728 1388 1776 etsi

355 1815 720 1864 Protestantium
750 1811 1034 1860 biblicorum
1057 1811 1226 1875 passim
1248 1813 1388 1858 vesti-

355 1901 426 1964 gia
445 1907 644 1964 premat.

426 1981 490 2044 (2)
530 1980 586 2028 In
607 1989 880 2044 argumento
909 1978 1053 2043 hujus
1083 1976 1249 2041 eclogae
1269 1992 1283 2039 3
1305 1975 1388 2024 ubi

357 2065 552 2112 adstruit
574 2067 760 2128 poetam
781 2062 1104 2126 phantasmata
1129 2061 1311 2124 poetica
1328 2056 1387 2105 ab

358 2162 509 2195 aureae
525 2148 669 2193 aetatis
691 2142 1039 2192 narrationibus
1068 2145 1208 2208 petita
1220 2159 1388 2189 cumu-

357 2229 475 2277 lasse
496 2266 509 2289 7
531 2231 580 2277 in
596 2237 724 2277 certo
741 2226 899 2296 aliquo
923 2227 1140 2291 temporis
1161 2226 1231 2272 sui
1247 2241 1387 2272 even-

358 2322 410 2360 tu
435 2310 715 2360 declarando
738 2347 751 2370 7
785 2327 928 2375 quem
966 2307 1109 2373 paulo
1146 2307 1390 2355 obscurius

359 2395 613 2460 designavit
630 2431 644 2455 7
674 2395 902 2459 quoniam
927 2394 978 2439 in
1000 2392 1273 2439 vaticinium
1290 2407 1388 2438 rem

358 2479 554 2526 mutavit
573 2514 587 2536 7
630 2485 772 2542 atque
812 2476 1106 2523 vaticinantis
1145 2472 1298 2522 verbis
1343 2480 1390 2520 et

358 2558 764 2627 phantasmatibus
815 2574 949 2606 sensa
1016 2573 1101 2605 sua
1152 2557 1386 2620 exposuit.

358 2643 541 2694 Deinde
562 2681 574 2703 7
603 2644 811 2708 exposita
841 2641 1021 2690 theoria
1058 2641 1390 2688 vaticiniorum

357 2728 483 2795 apud
518 2744 624 2776 suos
666 2734 878 2790 recepta,
923 2723 1051 2791 quod
1080 2732 1179 2771 orta
1216 2740 1269 2771 ea
1299 2724 1392 2770 sint

359 2829 419 2861 ex
448 2829 530 2876 spe
564 2809 769 2858 melioris
790 2809 876 2856 aevi
896 2844 908 2867 7
930 2805 1203 2855 concludit:
1228 2804 1391 2871 Quas—

357 2910 547 2958 cumque
572 2893 630 2939 in
643 2891 731 2939 hoc
743 2908 915 2957 qenere
940 2889 1284 2956 descriptiones
1302 2904 1390 2936 no-

358 2994 430 3025 voe
440 2975 695 3041 felicitatis
711 2973 942 3021 habemus
961 3010 975 3034 7
997 2974 1096 3020 eive
1123 2974 1180 3020 in
1209 2970 1390 3019 Orien-

358 3061 423 3108 tis
443 3098 455 3120 7
481 3061 584 3107 sive
603 3060 660 3106 in
683 3059 857 3123 qroecis
877 3055 953 3105 vel
969 3057 1188 3104 romanis
1208 3056 1387 3120 poetis,

358 3160 426 3191 eae
448 3158 610 3190 omnes
630 3141 733 3206 fere
767 3141 899 3188 inter
937 3156 985 3187 se
1014 3136 1199 3186 similes
1228 3146 1346 3185 sunt
1372 3157 1387 3182 :

358 3226 520 3274 bestiae
549 3241 606 3273 ac
632 3224 754 3289 feroe
789 3224 976 3271 cicures
997 3257 1012 3282 7
1036 3228 1276 3287 serpentes
1311 3221 1390 3268 in-

357 3310 509 3357 nocui
523 3345 536 3369 7
549 3308 719 3372 fmyes
733 3305 866 3354 nullo
897 3305 1031 3354 cultu
1051 3313 1206 3353 enatae
1222 3341 1235 3365 7
1255 3320 1389 3351 mare

348 3389 611 3458 placidum
638 3428 652 3451 7
687 3389 765 3437 dii
799 3397 1064 3455 praesentes
1108 3390 1163 3435 in
1209 3388 1352 3435 terris
1370 3424 1382 3448 7

354 3474 549 3540 aliaque
575 3471 817 3539 ejusnwdi
848 3474 906 3519 in
932 3470 1156 3519 ommibus
1182 3486 1385 3519 comme-

351 3565 625 3607 moramur.
666 3555 846 3621 Quibus
887 3555 1040 3603 verbis
1072 3556 1180 3603 satis
1228 3563 1381 3618 aperte

351 3641 516 3690 alludit
546 3641 605 3691 ad
636 3640 703 3690 Is.
733 3656 781 3688 xi
797 3675 814 3701 ,
852 3656 992 3705 quem
1026 3655 1123 3686 non
1163 3654 1293 3686 secus
1330 3652 1381 3683 ac

1460 1725 1681 1791 profanos
1717 1729 1872 1790 poetas
1909 1743 2098 1774 auream
2136 1722 2268 1775 illam
2308 1736 2491 1776 aetatem

1462 1806 1755 1873 descripsisse
1781 1810 1954 1855 innuit.
1983 1806 2071 1856 Sed
2103 1809 2219 1875 quid
2259 1820 2490 1875 exspectes

1461 1908 1487 1940 a
1519 1892 1729 1958 profanis
1764 1893 1862 1940 istis
1897 1890 2202 1955 scriptoribus
2234 1894 2363 1940 omni
2387 1892 2493 1940 reli-

1460 1976 1610 2039 gionis
1625 1992 1763 2023 sensu
1789 1974 2019 2024 destitutis
2037 2011 2051 2035 7
2082 1977 2165 2041 qui
2188 1976 2377 2023 nonnisi
2399 1985 2492 2023 ter-

1460 2076 1573 2106 rena
1620 2058 1847 2122 sapiunt!
1896 2056 2142 2122 Quomodo
2180 2066 2336 2106 autem
2378 2057 2491 2106 adeo

1461 2139 1735 2188 universalis
1763 2157 1926 2188 sensus
1971 2140 2242 2188 nationibus
2273 2141 2492 2189 omnibus

1461 2223 1646 2270 inhaesit
1673 2222 1852 2289 absque
1887 2221 2052 2288 aliquo
2089 2225 2338 2288 originario
2364 2226 2492 2288 prin-

1460 2308 1581 2371 cipio
1603 2343 1616 2365 7
1652 2323 1706 2353 ex
1733 2322 1829 2371 quo
1859 2307 1909 2353 in
1937 2323 2098 2354 omnes
2116 2302 2458 2354 dimanaverit?

1529 2388 1593 2453 (3)
1613 2387 1759 2437 Cous.
1779 2387 2022 2450 Gallandi7
2041 2398 2157 2436 tom.
2181 2403 2216 2448 17
2235 2387 2373 2436 Bibl.
2394 2387 2493 2436 Pa-

1459 2480 1620 2532 trum,
1674 2471 1851 2537 Proleg.
1900 2489 1945 2520 c.
1993 2489 2069 2519 xv1
2103 2487 2118 2534 3
2168 2457 2253 2519 ubi
2293 2471 2494 2520 ostendit

1461 2557 1723 2604 carminum
1763 2554 2102 2620 Sibyllinorum
2130 2565 2367 2603 auctorem
2396 2571 2493 2603 esse

1462 2636 1777 2689 Christianum
1804 2655 1864 2685 ex
1894 2639 2282 2698 circumcisione,
2321 2639 2403 2703 qui
2438 2654 2489 2686 ea

1461 2722 1607 2770 edidit
1623 2740 1745 2770 anno
1769 2737 1785 2769 1
1798 2719 1880 2770 38.
1902 2719 2036 2787 Quod
2054 2722 2215 2769 attinet
2235 2719 2295 2767 ad
2315 2729 2492 2768 veteres

1463 2804 1660 2871 sibyllas
1696 2822 1953 2870 earumque
1978 2806 2186 2852 carmina
2207 2840 2220 2863 7
2245 2803 2491 2850 omniain-

1462 2888 1663 2936 volucris
1703 2897 1938 2952 teguntur.
1976 2886 2037 2935 D.
2072 2886 2227 2934 Pierre
2274 2883 2397 2933 Petit
2443 2886 2493 2932 in

1461 2972 1641 3020 erudita
1672 2969 1816 3019 Dias.
1838 2969 1896 3017 de
1919 2965 2140 3033 sibyllis,
2167 2983 2243 3016 eas
2261 2968 2319 3015 ad
2348 2984 2493 3016 unam

1461 3054 1659 3114 reducit,
1681 3071 1879 3118 eamque
1895 3054 2111 3117 opinatur
2128 3061 2338 3099 vocatam
2352 3050 2493 3098 fuisse

1460 3136 1756 3201 Delphicam,
1778 3135 2092 3202 Erythraeam,
2110 3133 2492 3194 Cimmerianam7

1462 3219 1749 3280 Cumanam,
1769 3218 1976 3266 Samiam
1998 3256 2011 3278 7
2034 3217 2461 3283 Hellespontiacam
2482 3253 2496 3274 7

1459 3302 1685 3368 Lybicam
1704 3338 1718 3361 7
1736 3300 1969 3350 Persicam
1993 3339 2005 3358 7
2026 3299 2275 3366 Phrygiam
2288 3337 2300 3360 7
2321 3299 2491 3347 Tibur·

1458 3389 1605 3433 tinam
1629 3423 1642 3444 7
1667 3403 1692 3432 a
1713 3384 1904 3432 diversis
1926 3383 2037 3432 locis
2061 3421 2074 3443 7
2103 3386 2153 3430 in
2174 3381 2345 3448 quibus
2361 3398 2489 3428 com-

1458 3477 1634 3515 morata
1654 3477 1740 3515 est.
1776 3465 2021 3514 Existimat
2045 3468 2196 3531 ipsam
2229 3464 2368 3511 fuisse
2390 3481 2491 3527 gra}-

1464 3568 1566 3600 cam
1587 3587 1600 3609 ,
1650 3567 1703 3598 eo
1744 3550 1873 3616 quod
1920 3549 2106 3598 oracula
2153 3549 2311 3595 omnia
2351 3563 2493 3611 graece

1465 3636 1631 3699 scripta
1660 3635 1778 3695 sint,
1816 3632 2061 3698 Erythraeae
2090 3629 2207 3680 Asiae
2250 3629 2378 3678 urbis
2407 3647 2492 3678 na-
