2554 4140
388 147 513 185 CAP.
561 147 642 188 IV.
691 148 759 183 DE
803 145 982 184 EXIST.
1030 146 1149 187 mv.
1216 145 1286 184 AG
1327 145 1634 183 SUPERNAT.
1684 142 1814 181 REV.

2052 119 2167 179 129

44 294 341 352 Grunerus
361 335 377 363 7
415 289 683 348 Jenensis
711 287 968 347 medicus
988 330 1005 360 7
1033 284 1292 344 ostendit
1325 286 1532 365 frigida
1563 285 1665 344 illa
1705 286 1767 343 in
1806 283 1956 342 saxis
1995 303 2171 342 exca-

42 398 177 449 vata
193 385 496 467 sepulchra
514 396 688 465 atque
703 381 1098 442 exhalationes
1115 378 1572 458 opobalsamicas
1594 425 1610 454 7
1642 378 1826 438 relate
1851 377 1926 437 ad
1947 398 2160 438 nervos

42 481 197 541 male
226 481 492 539 incitatos
518 491 578 539 et
600 476 905 538 cerebrum
935 474 1213 533 affectum
1231 518 1247 546 7
1285 472 1498 531 idonea
1527 475 1722 554 potius
1759 495 1883 533 esse
1912 472 1987 532 ad
2011 494 2166 532 mor-

45 587 166 635 tem
200 575 556 636 afferendam
573 618 590 648 7
617 583 684 630 ut
709 568 990 650 exemplis
1018 567 1236 629 evincit
1259 612 1274 641 7
1314 587 1495 648 quam
1528 566 1605 626 ad
1638 567 1821 628 vitam
1848 568 2166 628 restituen-

45 671 182 731 dam
209 671 319 751 (1).

847 854 1257 908 PROPOSITIO
1290 855 1360 907 11.

45 1075 349 1134 Doctrinae
381 1070 732 1149 evanyelicoe
757 1068 1101 1126 excellentia
1131 1077 1189 1124 et
1213 1070 1504 1126 sanctitas
1547 1067 1829 1124 divinam
1857 1086 1930 1124 ac
1962 1086 2175 1146 super-

203 1166 549 1224 naturalem
592 1164 820 1222 Christi
848 1166 1193 1222 missionem
1230 1166 1622 1221 invictissime
1660 1162 2002 1240 confirmat.

130 1380 271 1440 325.
319 1379 530 1443 Divina
565 1399 706 1438 sane
741 1398 807 1436 ac
845 1377 1309 1459 supernaturalis
1345 1377 1500 1437 illius
1529 1378 1727 1437 missio
1761 1377 2006 1439 dicenda
2044 1390 2169 1455 est7
2257 1379 2260 1382 ’

50 1477 152 1559 qui
181 1475 286 1535 Dei
314 1475 552 1533 nomine
590 1473 918 1531 doctrinam
955 1473 1078 1534 sive
1114 1472 1494 1533 theoreticam
1523 1473 1645 1535 sive
1678 1475 1994 1556 practicam
2029 1497 2178 1556 pro-

47 1572 250 1655 ponit7
288 1589 414 1651 quae
444 1571 565 1628 Deo
594 1567 768 1648 digna
804 1567 913 1642 sit7
955 1567 1130 1648 digna
1161 1566 1402 1627 homine
1423 1614 1439 1642 7
1490 1567 1666 1648 digna
1705 1570 1975 1629 societate
1995 1615 2011 1644 7
2044 1589 2174 1651 quae

49 1666 318 1744 dogmata
354 1664 515 1723 omni
548 1663 809 1722 humana
851 1664 1135 1745 sapientia
1170 1664 1466 1745 superiora
1504 1665 1801 1723 contineat
1823 1710 1838 1738 7
1886 1686 2013 1747 quae
2044 1665 2176 1724 offi-

47 1762 132 1820 cia
167 1760 362 1819 omnia
397 1759 537 1839 legis
566 1757 848 1817 naturalis
886 1758 1306 1840 complectatur
1328 1804 1344 1832 7
1390 1760 1480 1817 cui
1519 1758 1737 1841 absque
1769 1760 1890 1818 ullo
1930 1761 2022 1822 vel
2059 1764 2175 1820 mi-

47 1857 211 1915 nimo
241 1876 438 1915 errore
469 1875 577 1913 nec
605 1853 907 1935 quidpiam
942 1853 1091 1912 desit
1127 1874 1234 1913 nec
1269 1854 1519 1936 supersit
1540 1900 1555 1930 7
1583 1876 1712 1936 quae
1743 1856 1916 1914 simul
1949 1858 2173 1917 motiva

50 1951 441 2009 efficacissima
469 1949 543 2009 ad
583 1970 649 2009 ea
676 1948 1052 2031 adimplenda
1085 1948 1379 2030 praebeat7
1423 1971 1553 2031 quae
1587 1951 1666 2009 sic
1694 1951 1833 2012 vitia
1869 1950 2133 2011 eliminet
2153 1998 2169 2028 7

50 2055 117 2102 ut
144 2046 405 2127 ipsorum
437 2056 497 2105 et
534 2045 819 2124 originem
847 2044 1078 2123 detegat
1101 2056 1160 2104 et
1188 2045 1527 2122 adjumenta
1557 2045 1830 2106 exhibeat
1862 2047 1937 2126 ad
1967 2068 2033 2107 ea
2071 2070 2171 2107 ra-

50 2139 257 2199 dicitus
283 2139 666 2202 convellenda
690 2185 706 2214 7
738 2161 1032 2221 quamque
1068 2161 1244 2199 nemo
1269 2162 1531 2222 unquam
1570 2162 1642 2200 ex
1679 2141 2043 2224 philosophis
2071 2141 2169 2204 vel

53 2237 401 2315 excogitavit
429 2234 525 2296 vel
551 2236 872 2315 excogitare
907 2235 1116 2317 potuit.
1161 2236 1338 2318 Atqui
1366 2234 1496 2294 talis
1537 2247 1626 2295 est
1652 2235 1915 2298 doctrina
1939 2283 1955 2314 7
1989 2259 2170 2321 quam

50 2484 132 2533 des
159 2484 487 2548 Commentars
515 2499 606 2531 von
629 2481 728 2531 Dr.
746 2478 932 2531 Paulus
948 2517 962 2540 7
982 2498 1061 2531 seu

58 2568 254 2616 Criticoe
266 2566 446 2614 observ.
461 2582 606 2631 super
623 2564 806 2613 Comm.
838 2563 1029 2612 Paulus
1044 2582 1064 2625 ,-

52 2647 255 2696 Storrius
274 2685 287 2707 7
327 2646 433 2695 Hat
472 2649 614 2695 Jesus
653 2647 782 2693 scine
828 2645 1067 2695 Wunder

44 2729 134 2794 fiir
155 2731 295 2777 einen
324 2729 516 2776 Beweis
538 2729 696 2775 seiner
718 2726 956 2792 Sendunq
987 2744 1063 2775 er·
1091 2743 1095 2746 ’

51 2813 211 2862 klo'irt?
228 2831 309 2862 seu
325 2811 539 2860 Deditne
555 2809 697 2859 Jesus
716 2809 955 2859 miracula
975 2827 1066 2858 sua

53 2903 282 2959 tanquam
304 2901 645 2957 arqumentum
672 2908 773 2941 suoe
792 2894 1066 2940 missionis?

55 2974 196 3024 Scotti
230 2992 390 3041 opusc.
414 2985 530 3024 tom.
550 2992 586 3034 1,
620 2992 726 3039 pag.
752 2989 846 3040 297
869 2984 914 3022 et
930 2992 1063 3040 seqq.

124 3057 186 3119 (l)
223 3057 280 3104 In
320 3056 501 3105 duobus
534 3056 683 3104 libelis
723 3066 823 3104 tum
866 3074 891 3104 a
939 3066 1066 3120 patre

57 3148 154 3185 tum
177 3156 202 3185 a
226 3138 321 3186 filio
337 3139 625 3204 conscriptis,
642 3137 721 3186 De
737 3138 857 3186 Jesu
881 3137 1069 3186 Christi

55 3227 202 3267 morte
232 3236 374 3278 vera,
410 3236 508 3268 non
530 3220 759 3269 simulata
780 3254 795 3282 7
828 3220 889 3269 H.
924 3218 1065 3270 1805.

56 3301 114 3349 At
132 3304 179 3348 in
198 3319 251 3350 eo
281 3301 510 3350 labuntur
529 3339 543 3363 7
562 3303 675 3351 dum
699 3303 938 3351 ostendere
953 3319 1066 3350 con·

57 3383 256 3431 tendunt
269 3419 284 3443 7
302 3382 459 3432 Jesum
489 3386 651 3432 vixisse
668 3385 858 3451 quidem
875 3384 1029 3432 adhuc
1049 3420 1063 3445 7

56 3483 203 3531 quum
224 3468 349 3513 cruci
369 3463 533 3513 affixus
553 3466 679 3515 hasta
709 3467 945 3515 foderetur
964 3502 978 3525 7
995 3467 1067 3513 vi-

57 3555 152 3594 tam
181 3547 386 3613 aliquam
404 3584 417 3606 7
445 3547 548 3595 -sed
583 3547 877 3612 praedehilem
912 3550 1067 3612 proxi-

57 3645 226 3694 meque
244 3647 474 3691 casuram,
500 3629 688 3680 vulnere
706 3647 814 3682 vero
830 3632 883 3682 in
906 3638 1069 3698 pectus

138 3709 203 3767 T.
252 3712 298 3768 Ι.

1151 2482 1278 2530 illato
1295 2500 1320 2530 6
1343 2483 1433 2531 vita
1449 2482 1603 2531 subito
1618 2485 1837 2532 excessise
1855 2500 1870 2547 3
1891 2500 1999 2532 cum
2023 2483 2169 2533 Joan-

1149 2582 1231 2613 nes
1267 2566 1369 2627 (xxx
1393 2601 1406 2624 7
1451 2565 1540 2627 30)
1573 2568 1669 2631 jam
1722 2575 1858 2615 antea
1893 2569 2124 2631 scripserit
2154 2583 2170 2614 z

1154 2645 1205 2693 E
1207 2655 1224 2692 t
1256 2645 1493 2694 inclinato
1513 2649 1669 2713 capite
1686 2647 1891 2695 tradidit
1919 2650 2171 2714 spiritum.

1154 2727 1347 2776 Consuli
1377 2739 1569 2793 possunt
1593 2730 1651 2777 de
1681 2730 1771 2776 hoc
1805 2732 2073 2792 gravissimo
2094 2748 2169 2778 ar-

1153 2820 1373 2874 gumento
1403 2812 1746 2859 resurrectionis
1763 2812 1885 2860 inter
1911 2811 2023 2860 alios
2046 2829 2061 2860 z
2080 2810 2172 2861 Les

1151 2893 1355 2939 temoins
1400 2891 1457 2939 de
1484 2891 1532 2939 la
1562 2894 1880 2941 resurrection
1914 2892 1972 2940 de
1995 2892 2168 2956 J.-C.‚

1152 2975 1398 3021 examines
1426 2983 1470 3021 et
1483 2975 1631 3039 juqes
1661 2973 1790 3022 selon
1821 2975 1886 3023 les
1917 2974 2064 3040 reqles
2101 2976 2171 3025 du

1151 3054 1356 3103 barreau
1371 3090 1386 3114 7
1411 3074 1492 3120 par
1520 3054 1713 3104 Sherlok
1734 3094 1747 3116 7
1791 3057 1916 3106 trad.
1962 3059 2022 3107 de
2048 3057 2168 3107 l’an-

1152 3138 1264 3200 glais
1280 3156 1364 3203 par
1392 3138 1673 3188 Houtteville
1691 3176 1704 3198 7
1727 3156 1802 3205 op.
1829 3138 1908 3187 cit.
1939 3149 2056 3188 tom.
2087 3156 2169 3203 1v;

1152 3219 1336 3284 Bergier
1358 3254 1372 3281 7
1401 3218 1533 3270 Dict.
1569 3219 1738 3269 Tlaeol.
1766 3227 1857 3270 art.
1889 3220 2090 3272 Resurr.
2115 3220 2173 3268 de

1152 3299 1193 3349 J
1194 3303 1298 3351 .-G.
1304 3318 1326 3362 7·
1345 3300 1421 3349 La
1444 3300 1663 3366 Reliqz‘on
1681 3301 1952 3363 claretienne
1984 3303 2172 3350 demon·

1152 3387 1245 3431 tree
1251 3400 1351 3448 par
1364 3382 1410 3431 la
1436 3388 1616 3432 resurr.
1636 3383 1692 3432 de
1707 3383 1744 3432 J
1747 3384 1865 3444 .-C.‚
1883 3403 1962 3450 par
1979 3385 2141 3432 Ditton
2161 3419 2175 3443 7

1153 3465 1275 3513 trad.
1316 3466 1373 3514 de
1423 3465 1627 3532 l'anglais
1660 3487 1672 3527 3
1731 3466 2075 3515 Observations
2115 3463 2174 3512 de

1156 3543 1341 3594 Gilbert
1372 3546 1454 3597 W
1454 3555 1523 3595 est
1545 3564 1633 3595 sur
1657 3545 1891 3596 l’histoire
1924 3555 1968 3595 et
1994 3562 2082 3595 sur
2106 3544 2172 3594 les

1144 3644 1352 3694 preuves
1376 3628 1433 3678 de
1462 3627 1509 3678 la
1538 3633 1718 3679 resurr.
1750 3628 1807 3677 de
1832 3626 1978 3676 J.·C.

1818 3710 1853 3767 9
