2554 4140
315 125 395 187 46
495 203 497 205 ¹
1003 146 1074 184 »Β
1116 146 1269 186 vim
1312 148 1439 186 aaz.
1488 147 1623 189 Anv.
1674 151 1829 191 mon.

191 328 231 368 ·.
316 291 652 372 denegant;
695 286 796 348 alii
837 308 979 351 vero
1016 289 1156 350 data
1207 291 1629 352 miraculorum
1678 293 2067 376 possibilitate
2120 301 2454 364 inficiantur

315 385 594 448 miracula
621 404 747 444 esse
770 394 975 445 notam
998 398 1222 447 certam
1251 399 1311 448 et
1335 387 1782 450 ineluctabilem
1801 389 2017 454 divinae
2040 396 2413 459 revelationis
2431 443 2451 475 .,

315 503 419 543 seu
448 478 609 562 quod
644 490 774 540 tuto
817 502 884 542 ea
921 480 1173 542 discerni
1215 505 1341 543 non
1387 485 1616 567 possint
1653 484 1728 545 ab
1771 487 2047 570 operibus
2086 494 2452 554 naturalibus

312 577 407 641 vel
437 575 512 635 ab
550 577 893 659 operatione
923 577 1205 638 daemonis
1228 624 1245 655 7
1283 602 1384 640 seu
1411 581 1571 663 quod
1596 604 1898 643 assensum
1923 586 1990 646 iis
2019 600 2296 669 praestare
2328 613 2451 651 non

309 671 600 756 possimus
635 672 866 733 defectu
905 674 1196 735 historicae
1236 676 1624 738 certitudinis.
1676 682 1805 740 Duo
1846 694 2158 764 propterea
2201 707 2235 744 a
2282 684 2454 746 nobis

308 769 579 851 praestari
615 767 869 846 debent,
922 771 985 828 10
1015 770 1376 831 adstruenda
1406 773 1825 836 miraculorum
1849 778 2201 859 possibilitas
2223 828 2239 857 ,
2269 782 2338 839 2⁰
2361 803 2455 842 eo·

311 863 586 925 rumdem
625 865 1019 926 ineluctabilis
1055 867 1145 929 vis
1180 865 1256 926 ad
1291 867 1665 950 probandam
1690 871 2063 935 divinitatem
2100 888 2454 959 supernatu—

307 960 448 1023 ralis
477 961 875 1027 revelationis·

1131 1114 1542 1171 PROPOSITIO
1579 1119 1626 1171 I.

938 1245 1260 1306 Miracula
1300 1258 1449 1307 sunt
1478 1249 1830 1329 possibilia.

393 1439 532 1499 119.
598 1439 751 1499 Sane
817 1436 968 1498 illud
1031 1450 1120 1500 est
1184 1437 1462 1521 possibile
1525 1439 1686 1522 quod
1757 1463 1881 1500 non
1952 1442 2217 1525 implicat
2247 1489 2265 1520 ,
2330 1446 2454 1508 sive

309 1534 538 1596 nullam
577 1533 832 1597 involvit
881 1535 1458 1611 contradictioneme,
1515 1538 1679 1620 atqui
1723 1537 2001 1598 miracula
2037 1562 2209 1621 posse
2253 1563 2288 1601 a
2331 1543 2452 1601 Deo

307 1633 437 1694 fieri
476 1631 706 1692 nullam
735 1630 991 1695 involvit
1027 1632 1583 1708 contradictionems,
1634 1633 1914 1694 miracula
1953 1635 2128 1716 igitur
2149 1648 2290 1695 sunt
2312 1658 2451 1719 pos-

307 1727 517 1789 sibilia.

399 1824 538 1884 120.
587 1825 743 1884 Deus
778 1823 938 1884 enim
958 1869 974 1899 ,
1016 1824 1116 1907 qui
1151 1822 1336 1885 libere
1370 1824 1665 1884 mundum
1699 1825 1961 1887 condidit
1982 1873 1998 1903 a
2035 1849 2102 1888 ac
2137 1827 2320 1889 libere
2365 1830 2450 1890 ei-

309 1918 449 1981 dem
483 1919 641 2002 leges
672 1920 873 1996 dedit,
913 1931 1107 2004 potest
1136 1920 1361 2002 legibus
1393 1920 1577 1981 libere
1604 1943 1638 1981 a
1674 1944 1738 1984 se
1770 1923 2100 1983 constitutis
2139 1923 2452 2005 derogare3

310 2026 401 2076 ast
437 2015 543 2075 ubi
581 2016 780 2096 legum
825 2016 1186 2076 naturalium
1225 2017 1391 2077 adest
1424 2019 1760 2097 derogatio,
1795 2019 1878 2079 ibi
1906 2019 2161 2081 habetur
2196 2022 2448 2081 miracu-

309 2110 471 2185 lum3
503 2132 659 2191 ergo,
697 2112 1025 2171 Praesertim
1056 2133 1190 2171 cum
1230 2113 1518 2190 ejusmodi
1552 2114 1850 2194 derogatio
1872 2161 1888 2187 7
1931 2136 2058 2196 quae
2090 2118 2153 2174 in
2184 2128 2451 2198 tempore

310 2206 479 2266 fieret
499 2251 516 2282 .,
545 2205 773 2266 nullam
800 2207 1082 2289 importet
1108 2208 1498 2269 mutationem
1519 2209 1584 2267 in
1608 2211 1732 2270 Deo
1752 2255 1769 2285 .,
1794 2210 1894 2292 qui
1916 2210 1990 2270 ab
2015 2222 2237 2271 aeterno
2257 2256 2274 2287 ,
2301 2211 2446 2270 dum

312 2302 617 2362 constituit
641 2301 935 2362 mundum
961 2302 1214 2363 condere
1236 2349 1251 2379 .,
1283 2305 1452 2386 eique
1480 2305 1783 2387 generales
1806 2305 1962 2387 leges
1988 2307 2129 2366 dare
2158 2307 2444 2381 decrevit,

310 2398 488 2459 simul
518 2398 781 2461 decrevit
820 2399 1141 2482 peculiares
1185 2400 1473 2479 ejusmodi
1514 2401 1917 2482 derogationes
1946 2402 2024 2462 ad
2059 2402 2448 2462 manifestan-

311 2494 452 2556 dam
482 2495 728 2576 gloriam
762 2518 962 2573 suam3
995 2500 1148 2559 Deus
1170 2497 1463 2580 siquidem
1479 2543 1498 2575 ‚
1522 2498 1668 2558 dum
1691 2521 1871 2580 opera
1895 2510 2092 2559 mutat
2103 2543 2128 2573 ,
2155 2520 2279 2559 non
2299 2520 2446 2559 mu-

310 2603 402 2653 tat
428 2594 754 2653 consilium
788 2594 902 2675 (1).

398 2689 534 2749 121.
579 2690 652 2748 Et
692 2688 819 2749 haec
856 2689 1099 2772 quidem
1138 2695 1308 2769 juxta
1344 2702 1616 2751 nostrum
1664 2691 2032 2775 concipiendi
2072 2690 2352 2765 modum3
2398 2692 2447 2750 si

308 2785 557 2846 interius
587 2785 778 2863 enim,
805 2807 870 2845 ac
893 2798 1070 2869 prout
1090 2786 1154 2845 in
1185 2807 1247 2847 se
1268 2798 1387 2861 est,
1423 2810 1516 2847 res
1542 2788 1973 2864 consideretur,
2000 2786 2174 2849 aliter
2199 2787 2444 2846 omnino

311 2902 375 2941 se
415 2880 616 2942 habet.
663 2882 897 2941 Etenim
938 2885 1093 2943 Deus
1119 2928 1135 2958 ,
1196 2883 1244 2942 si
1293 2884 1528 2966 proprie
1571 2884 1732 2967 loqui
1775 2886 2024 2947 velimus
2052 2931 2069 2960 .,
2126 2906 2248 2943 non
2290 2882 2443 2963 regit

303 2974 530 3060 genera
565 2977 662 3041 vel
694 2984 914 3060 species
926 3022 949 3051 ,
989 3000 1117 3061 quae
1140 3002 1264 3039 non
1287 2992 1426 3039 sunt
1450 2981 1564 3040 nisi
1588 2981 1732 3041 ideae
1766 2981 2112 3056 abstractae3
2158 2979 2263 3041 sed
2295 2979 2445 3060 regit

311 3075 680 3147 individua,
719 3094 850 3157 quae
885 3073 1007 3134 sola
1037 3075 1214 3135 realia
1262 3088 1401 3135 sunt
1421 3123 1436 3151 7
1484 3099 1678 3160 neque
1709 3078 1858 3158 regit
1883 3076 2106 3158 legibus
2135 3077 2444 3138 universa-

310 3168 501 3247 libus,
544 3191 674 3252 quae
718 3171 940 3254 pariter
977 3192 1100 3230 non
1141 3183 1281 3231 sunt
1325 3174 1436 3231 nisi
1483 3175 1544 3232 in
1591 3185 1876 3256 conceptu
1927 3184 2131 3232 nostro
2156 3219 2172 3248 .‚
2230 3171 2444 3233 exinde

313 3276 460 3326 ortae
484 3311 501 3341 ‚
555 3264 715 3348 quod
749 3288 857 3326 nos
891 3267 1315 3350 conspiciamus
1359 3271 1548 3330 Deum
1583 3271 1753 3329 modo
1795 3272 2103 3348 uniformi
2138 3267 2444 3330 individua

312 3359 446 3422 talis
471 3359 665 3421 classis
694 3383 894 3443 regere
909 3408 926 3438 ,
948 3362 1052 3422 sed
1068 3364 1218 3443 regit
1231 3363 1542 3426 voluntate
1555 3365 1834 3448 peculiari
1853 3364 2158 3428 individua
2176 3362 2439 3444 singula3

313 3479 432 3543 quo
458 3459 556 3533 fit,
591 3468 657 3518 ut
676 3504 693 3534 .,
732 3458 879 3519 dum
914 3461 1068 3520 Deus
1109 3459 1373 3521 decernit
1404 3461 1586 3524 talem
1617 3461 1919 3545 planetam
1948 3485 2010 3526 v.
2039 3485 2095 3544 g.
2126 3461 2248 3522 sisti
2269 3505 2286 3535 .,
2323 3480 2448 3519 non

388 3652 458 3721 (1)
492 3649 545 3702 S.
575 3650 769 3719 August.
802 3649 1019 3717 Censen.
1046 3652 1135 3703 lib.
1166 3670 1203 3715 1,
1226 3672 1330 3720 cap.
1348 3651 1400 3718 4.
