2554 4140
274 129 391 188 276
919 152 990 187 DE
1034 151 1182 188 VERA
1228 153 1350 188 nm.
1403 154 1533 193 ADV.
1579 155 1780 210 aaran.

1064 307 1480 362 PROPOSITIO
1518 309 1619 364 VII
1625 348 1640 363 .

277 465 370 527 Iis
391 506 412 536 ,
453 467 567 542 qui
591 456 1010 521 auctoritatem
1035 468 1330 543 rejiciunt
1363 466 1666 525 catholicae
1697 465 1980 525 Ecclesiae
1999 513 2016 535 ,
2058 478 2134 526 ut⁴
2152 473 2407 551 spiritus

347 562 595 639 privati
636 559 871 638 placita
916 570 1249 631 sectentur,
1303 564 1474 621 nulla
1519 573 1603 621 est
1647 582 1794 620 vera
1825 562 1974 641 fides
1997 609 2013 632 ,
2065 564 2170 621 sed
2206 568 2408 643 opinio

359 666 602 714 tantum
646 655 736 714 vel
775 655 1052 714 dubium.

366 862 474 921 171
493 908 505 920 .
540 863 619 920 Ut
635 861 826 920 omnis
849 860 1094 920 tollatur
1112 859 1542 942 amphibologia
1557 907 1573 939 7
1597 874 1915 945 antequam
1937 885 2181 922 manum
2203 863 2412 923 admo-

281 980 525 1018 veamus
561 958 637 1017 ad
669 958 981 1021 veritatem
1005 957 1330 1017 enunciatae
1351 959 1767 1040 propositionis
1792 959 2184 1019 evincendum
2201 1005 2218 1036 7
2256 981 2415 1042 prae-

279 1055 573 1114 mlttimus
603 1077 617 1112 :

283 1223 287 1228 .
368 1152 505 1211 172.
559 1151 621 1208 1⁰
648 1150 732 1209 Ex
754 1160 989 1229 recepta
1013 1148 1173 1231 apud
1199 1171 1406 1209 omnes
1426 1149 1725 1226 doctrina,
1758 1163 1954 1212 actum
1980 1153 2119 1213 fidei
2147 1151 2416 1212 bifariam

281 1258 551 1307 constare
570 1290 586 1320 7
615 1256 746 1303 tum
767 1265 985 1325 nempe
1008 1266 1080 1304 ex
1101 1244 1328 1324 obJecto
1343 1290 1360 1321 7
1385 1255 1453 1304 ut
1466 1256 1681 1307 vocant
1699 1291 1714 1320 7
1741 1237 2028 1306 materiali
2046 1293 2063 1322 7
2091 1253 2181 1327 cuj
2191 1247 2418 1307 usmodi

282 1354 422 1402 sunt
443 1341 719 1401 veritates
743 1341 881 1421 ipsae
903 1340 1207 1418 revelatae,
1238 1352 1367 1400 tum
1397 1363 1469 1401 ex
1501 1341 1728 1420 obJecto
1753 1341 1983 1401 formali
2003 1387 2018 1416 7
2043 1346 2146 1404 seu
2171 1344 2415 1415 motivo7

281 1424 625 1497 auctoritate
652 1436 869 1495 scilicet
908 1448 967 1495 et
996 1438 1308 1497 veracitate
1335 1437 1441 1496 Dei
1468 1437 1820 1511 revelantis3
1855 1458 1983 1519 quae
2021 1437 2264 1519 quidem
2299 1438 2415 1499 duo

282 1555 400 1593 una
422 1553 562 1592 cum‘
578 1531 798 1591 divinae
829 1532 1029 1612 gratiae
1062 1532 1276 1592 auxilio
1299 1534 1682 1615 requiruntur
1709 1543 1768 1592 et
1795 1533 2092 1592 sufficiunt
2122 1534 2422 1598 adactum

290 1630 423 1690 fidei
459 1627 799 1711 theologicae
834 1629 1336 1688 constituendum.
1365 1632 1561 1702 Quum
1591 1629 1841 1711 proinde
1878 1629 2123 1688 dicimus
2153 1641 2422 1711 respectu

287 1747 520 1798 eorum,
548 1725 656 1806 qui
672 1724 1083 1783 auctoritatem
1098 1724 1364 1784 Ecclesiae
1381 1724 1680 1786 catholicae
1704 1725 1975 1804 rejiciunt
1991 1770 2008 1800 7
2036 1735 2103 1783 ut
2128 1736 2424 1797 sectentur

287 1820 500 1903 placita
545 1820 784 1902 spiritus
827 1820 1044 1901 privati
1067 1865 1082 1895 7
1129 1819 1358 1878 nullam
1402 1819 1529 1879 dari
1571 1819 1751 1880 fidem
1771 1866 1787 1895 7
1834 1819 1896 1878 id
1937 1819 2317 1900 intelligimus
2352 1841 2426 1880 ex

287 1916 519 1977 defectu
551 1914 763 1996 regulae
798 1916 1079 1997 proximae
1118 1915 1464 1976 universalis
1497 1927 1674 1998 atque
1702 1915 2025 1975 infallibilis
2049 1961 2064 1991 7
2096 1936 2223 1998 quae
2255 1914 2426 1974 nobis

286 2024 416 2072 tuto
453 2021 746 2095 proponat
774 2021 901 2069 tum
937 2012 1211 2072 veritates
1234 2010 1521 2073 revelatas
1548 2023 1678 2070 tum
1705 2034 1912 2072 verum
1935 2034 2174 2071 sensum
2201 2010 2427 2075 revela-

290 2110 467 2168 tionis
489 2155 504 2184 7
540 2109 623 2167 ita
652 2109 889 2167 utcirca
914 2106 1211 2186 obJectum
1239 2106 1544 2168 materiale
1574 2107 1765 2190 decipi
1796 2108 1959 2166 nulla
1985 2108 2210 2167 ratione
2238 2106 2426 2189 possi.-

293 2228 445 2265 mus,
477 2205 647 2279 Quod
676 2205 837 2264 enim
863 2203 1145 2265 revelatio
1173 2203 1632 2286 supernaturalis
1664 2204 1800 2263 data
1827 2203 2107 2265 divinitus
2133 2203 2341 2277 fuerit7
2370 2213 2430 2262 et

294 2301 456 2383 quod
485 2301 616 2360 talis
642 2313 701 2361 et
727 2323 850 2360 non
875 2300 1021 2360 alius
1053 2322 1255 2360 sensus
1284 2301 1358 2359 sit
1381 2300 1669 2379 ejusmodi
1692 2300 2064 2363 revelationis
2088 2346 2103 2374 7
2135 2311 2223 2361 est
2241 2298 2425 2379 quod-

294 2400 432 2457 dam
451 2402 693 2477 factum
707 2441 728 2470 ,
753 2397 825 2457 de
845 2420 961 2479 quo
988 2396 1158 2456 nobis
1177 2409 1338 2457 certo
1360 2409 1627 2456 constare
1646 2391 1767 2455 non
1783 2408 1978 2478 potest
1994 2442 2009 2471 7
2032 2397 2141 2455 nisi
2163 2417 2271 2477 per
2295 2416 2393 2455 eos
2409 2440 2425 2468 7

296 2516 442 2576 quos
482 2497 634 2553 Deus
667 2494 794 2575 ipse
838 2493 1146 2554 constituit
1182 2492 1445 2571 ejusdem
1475 2503 1684 2567 testes7
1720 2492 2103 2573 depositarios
2137 2512 2201 2550 ac
2243 2492 2430 2549 inter·

292 2602 489 2672 pretes
504 2636 520 2665 7
558 2589 759 2672 quales
774 2589 847 2648 ab
862 2590 1028 2648 initio
1044 2589 1283 2648 fuerunt
1302 2587 1561 2670 Apostoli
1579 2610 1695 2646 una
1717 2609 1852 2646 cum
1876 2589 2047 2647 Petro
2070 2632 2085 2661 7
2118 2587 2181 2644 in
2213 2584 2425 2666 quibus

295 2687 475 2769 coepit
498 2685 747 2745 Ecclesia
771 2684 986 2744 docens
1005 2730 1021 2758 7
1049 2705 1177 2767 quae
1201 2686 1334 2745 viva
1357 2705 1589 2766 semper
1605 2695 1694 2743 est
1716 2728 1732 2757 7
1762 2704 1827 2742 ac
1842 2683 2060 2763 jugiter
2088 2692 2431 2764 perseverat

295 2785 435 2847 vivo
461 2783 793 2864 magisterio
820 2804 924 2841 suo
950 2782 1014 2840 in
1046 2781 1323 2840 Romanis
1354 2778 1732 2841 Pontificibus
1755 2824 1771 2853 7
1806 2779 1961 2838 Petri
1985 2775 2429 2851 successoribus7

297 2891 475 2961 atque
509 2880 573 2938 in
616 2880 948 2962 Episcopis,
990 2878 1091 2960 qui
1124 2899 1259 2937 cum
1286 2877 1424 2960 ipsis
1460 2881 1903 2957 conjunguntur
1951 2885 2011 2934 et
2051 2873 2189 2956 ipsis
2224 2871 2435 2931 subor-

298 2976 582 3035 dinantur
620 2976 731 3057 (1)

388 3071 527 3130 173.
577 3072 646 3129 20
690 3073 825 3130 Non
859 3071 1107 3153 spectari
1135 3093 1167 3130 a
1197 3069 1365 3130 nobis
1394 3070 1554 3130 hunc
1589 3069 1686 3150 vel
1710 3069 1879 3128 illum
1913 3067 2265 3152 peculiarem
2303 3065 2438 3126 fidei

302 3181 531 3246 actum,
575 3190 750 3250 quem
785 3170 1078 3251 quispiam
1098 3170 1256 3229 circa
1280 3191 1461 3228 unam
1494 3167 1588 3229 vel
1624 3167 1872 3227 alteram
1908 3166 2231 3227 revelatam
2277 3164 2436 3224 veri-

306 3275 489 3324 tatem
508 3309 524 3337 7
554 3263 1029 3346 independenter
1060 3264 1134 3324 ab
1161 3264 1422 3324 Ecclesiae
1457 3264 1787 3344 magisterio
1807 3308 1822 3335 7
1868 3261 2074 3321 elicere
2101 3272 2296 3343 posset
2321 3305 2335 3333 7
2371 3280 2438 3318 eo

305 3360 467 3443 quod
492 3360 603 3442 ipsi
632 3381 701 3419 ex
733 3362 1003 3438 motivis7
1044 3372 1111 3420 ut
1136 3371 1381 3436 vocant7
1418 3357 1818 3421 credibilitatis
1842 3404 1856 3433 7
1896 3358 1989 3417 vel
2025 3356 2284 3419 evidenti
2311 3376 2440 3413 mo-

373 3580 440 3644 (1)
477 3577 620 3628 Cons.
655 3579 846 3644 Bolgeni
878 3582 929 3627 in
960 3598 1096 3646 opere
1124 3578 1450 3631 L'Economia
1489 3577 1610 3626 della
1637 3577 1745 3641 sede
1774 3581 2045 3639 cristiana,
2079 3576 2258 3625 Brescia
2290 3589 2435 3639 1790,

297 3682 404 3730 cap.
451 3681 466 3712 1
494 3701 507 3724 7
547 3675 634 3713 art.
668 3682 683 3712 ι
709 3674 753 3713 et
780 3682 914 3730 seqq.
