2554 4140
344 119 463 177 258
998 135 1066 169 nn
1112 132 1261 170 VERA
1306 132 1423 171 nn.
1472 135 1581 174 nv.‹
1619 138 1815 176 aaran.

345 284 585 343 scuritas
600 290 687 338 est
704 286 1111 336 commentum
1137 277 1173 334 J
1176 277 1609 336 ansenistarum
1625 324 1641 351 .,
1667 281 1879 339 merito
1903 283 2196 343 confixum
2217 308 2248 344 a
2274 287 2374 345 Pio
2402 288 2470 346 VI

345 382 408 439 in
453 374 871 435 constitutione
910 376 1233 431 Auctorem
1268 373 1417 449 fidei
1454 372 1564 453 (l).
1623 374 1854 433 Etenim
1896 375 2199 438 Christum
2240 403 2473 463 semper

344 472 547 553 vigilat
579 491 757 552 super
798 468 1108 528 Ecclesiam
1154 490 1318 527 suam
1340 514 1354 543 ,
1396 468 1587 529 eidem
1624 470 1933 553 prospicit,
1980 492 2046 531 ac
2083 493 2314 553 semper
2341 498 2473 536 cum

340 572 462 651 ipsa
488 579 597 626 est.

430 664 566 723 124.
619 665 760 722 inst.
801 663 917 721 Cur
948 662 1177 743 itaque,
1216 684 1349 721 cum
1380 665 1543 722 Nova
1570 664 1754 721 oritur
1776 665 2169 735 controversia
2191 712 2206 740 ,
2248 677 2335 726 tot
2357 666 2476 727 diss-

346 761 688 845 quisitiones
717 760 869 818 fiunt
888 803 904 831 ‚
939 770 1025 817 tot
1050 759 1398 817 exoriuntur
1424 757 1657 817 dissidia
1677 760 1704 815 P

434 858 570 916 125.
619 858 799 937 Resp.'
844 854 996 927 Quia
1040 853 1306 912 Christus
1335 875 1457 912 non
1492 876 1600 935 per
1624 855 1868 914 modum
1910 856 2308 939 inspirationis
2329 903 2345 931 ,
2377 858 2480 918 sed

344 976 452 1038 per
474 953 723 1012 modum
753 952 1152 1017 adsistent-im,
1182 960 1246 1006 ut
1269 953 1395 1025 jam
1430 952 1765 1011 notavimus
1789 997 1803 1025 a
1838 952 2099 1012 Ecclesiae
2130 975 2246 1014 suae
2270 966 2481 1037 praesto

347 1063 469 1125 est3
521 1068 712 1129 neque
753 1045 1011 1104 excludit
1048 1042 1241 1103 media
1264 1088 1279 1117 ,
1313 1043 1575 1107 studium
1612 1046 1863 1122 scilicet,
1910 1048 2234 1108 humanam
2276 1049 2483 1109 indus-

348 1148 521 1207 triam
542 1189 557 1218 ,
592 1154 703 1201 etc.
738 1140 813 1200 ad
835 1141 1019 1198 finem
1049 1138 1463 1198 obtinendum.
1495 1141 1565 1198 Et
1585 1140 1789 1201 eadem
1805 1147 2029 1203 ratione
2057 1166 2152 1220 ac,
2193 1167 2323 1204 cum
2352 1147 2482 1227 quis

343 1263 477 1301 cum
500 1238 683 1297 altero
715 1234 1022 1294 contendit
1041 1233 1114 1293 de
1145 1235 1507 1315 possessione
1534 1233 1827 1294 bonorum
1849 1259 2119 1315 suorum,
2145 1241 2254 1300 iste
2283 1242 2483 1324 inqui—

346 1338 426 1396 rit
463 1336 523 1393 in
561 1335 958 1392 instrumenta
999 1343 1056 1390 et
1100 1330 1302 1388 titulos
1335 1332 1593 1413 propriae
1631 1333 2040 1414 possessionis,
2078 1339 2332 1396 maxima
2368 1359 2482 1419 qua

346 1442 543 1515 potest
591 1429 895 1509 diligentia
918 1473 933 1498 ,
992 1438 1060 1485 ut
1102 1426 1214 1486 sihi
1261 1427 1520 1489 vindicet
1574 1427 1729 1487 bona
1784 1432 2020 1511 propria
2042 1475 2057 1504 ,
2107 1432 2188 1489 sic
2238 1433 2482 1492 Ecclesia

348 1528 599 1611 inquirit
625 1525 937 1605 diligenter
963 1525 1024 1582 in
1050 1536 1440 1584 monumenta
1469 1524 1781 1607 Scripturae
1811 1537 1870 1585 et
1895 1527 2253 1586 Traditionis
2271 1571 2291 1600 ,
2324 1538 2387 1587 ut
2415 1548 2484 1590 ea

351 1634 616 1708 opponat
632 1625 879 1682 istorum
903 1633 1259 1681 novatorum
1283 1620 1534 1681 audaciae
1555 1667 1570 1696 7
1602 1633 1661 1681 et
1686 1621 1952 1681 consulat
1975 1622 2299 1683 multorum
2319 1625 2486 1684 infir-

350 1722 560 1782 mitati.
598 1722 880 1779 Praeterea
908 1739 1110 1777 nonne
1135 1718 1281 1777 etin
1306 1716 1562 1777 Concilio
1586 1716 2077 1800 Jerosolymitano
2106 1721 2264 1791 inter
2294 1721 2331 1779 A
2339 1742 2485 1802 pos-

346 1819 496 1878 tolos
536 1829 598 1876 et
652 1816 911 1875 seniores
946 1836 1173 1893 mayna
1203 1817 1567 1893 conquisitio
1599 1816 1620 1892 (
1652 1816 1773 1874 Act.
1817 1816 1919 1874 XV
1942 1862 1957 1890 ·,
1987 1816 2024 1875 7
2051 1818 2074 1895 )
2108 1816 2253 1876 facta
2293 1829 2381 1876 est
2410 1817 2485 1876 ad

347 1913 744 1975 dirimendam
768 1911 1225 1971 controversiam
1257 1910 1332 1971 de
1354 1910 1629 1990 legalium
1654 1910 2025 1972 observantia
2046 1959 2063 1989 ‚
2090 1914 2198 1974 etsi
2227 1914 2484 1995 Apostoli

350 2034 555 2071 omnes
585 2022 644 2069 et
675 2007 888 2087 singuli
913 2006 1255 2067 infallibiles
1287 2007 1530 2066 essent?
1604 2028 1606 2030 ·

436 2110 575 2169 126.
625 2105 761 2184 Obj.
805 2103 1080 2164 secundo,
1130 2104 1407 2186 Episcopi
1448 2116 1587 2163 sunt
1632 2126 1987 2165 successores
2032 2106 2442 2187 Apostolorum
2468 2152 2482 2181 .,

349 2207 449 2287 qui
476 2203 880 2263 immediatam
907 2199 1245 2259 habuerunt
1268 2222 1301 2258 a
1329 2200 1559 2259 Christo
1591 2200 1930 2261 missionem
1951 2249 1966 2278 ,
2008 2212 2068 2261 et
2103 2201 2343 2285 quidem
2366 2201 2486 2272 illi-

351 2302 619 2360 mitatam
639 2344 655 2373 .,
694 2310 754 2357 et
775 2318 952 2379 super
974 2297 1127 2378 ipsos
1161 2319 1282 2354 non
1310 2297 1507 2354 minus
1536 2318 1715 2377 quam
1737 2319 1914 2379 super
1941 2300 2182 2358 Petrum
2209 2297 2489 2359 aedificata

354 2396 598 2456 Ecclesia
630 2405 745 2468 est,
780 2392 1011 2451 dicente
1044 2391 1354 2473 ApostolO,
1401 2392 1562 2473 quod
1592 2391 1793 2452 fideles
1828 2394 2092 2453 aedificati
2129 2406 2268 2453 sunt
2306 2415 2492 2474 super

346 2494 832 2572 fundamentum
860 2489 1282 2567 Apostolorum
1309 2498 1364 2544 et
1398 2489 1847 2567 Prophetarum
1883 2490 1906 2567 (
1935 2489 2145 2570 EpheS.
2183 2492 2235 2549 II
2257 2536 2272 2563 ,
2315 2489 2396 2548 20
2421 2490 2483 2570 ):,

352 2610 441 2661 ac7
468 2598 613 2646 teste
630 2596 910 2668 praeterea
929 2583 1099 2643 beato
1120 2585 1156 2641 J
1160 2604 1375 2657 oanne7
1401 2584 1601 2643 civitas
1630 2584 2167 2665 Hierosolymorum
2188 2585 2488 2666 (Ecclesia)

352 2682 533 2742 habet
574 2682 992 2761 fundamenta
1044 2680 1359 2737 duodecim
1382 2726 1398 2748 ,
1454 2690 1508 2738 et
1561 2684 1630 2738 in
1680 2683 1832 2759 ipsis
1876 2682 2192 2740 duodecim
2235 2688 2490 2742 ‘nomina

348 2780 664 2838 duodecim
707 2778 1124 2857 Apostolorum
1162 2776 1328 2856 Aqm'
1362 2774 1639 2857 (Apocal.
1681 2778 1812 2834 XXI
1836 2822 1850 2851 ·,
1897 2776 1971 2835 14
1995 2778 2056 2857 ).·,
2102 2799 2236 2858 crgo
2277 2777 2487 2837 falsum

351 2887 439 2935 est
468 2875 758 2933 unitatem
788 2871 1087 2954 regiminis
1113 2870 1481 2931 ecclesiastici
1510 2870 1584 2930 ab
1616 2872 1840 2932 unitate
1875 2873 2079 2954 capitis
2104 2895 2205 2932 seu
2240 2876 2489 2934 Romani

354 2971 647 3029 Pontificis
677 2970 991 3052 provenire
1017 3014 1030 3042 ‚
1065 2966 1139 3027 ab
1168 2989 1353 3050 eaque
1380 2967 1661 3050 pendere.

439 3067 575 3125 127.
628 3068 801 3147 Resp‚
834 3067 992 3124 Dz'st.
1027 3064 1231 3146 primae
1260 3064 1675 3146 propositionis
1703 3086 1942 3124 sensum
1971 3088 1982 3123 :
2020 3065 2286 3147 Episcopi
2315 3066 2490 3125 simul

353 3185 540 3221 unum
565 3183 775 3244 corpus
811 3161 1129 3221 efficientes
1151 3171 1291 3218 sunt
1316 3181 1673 3220 successores
1707 3161 2121 3242 Apostolorum
2142 3183 2245 3221 seu
2269 3161 2491 3242 collegii

354 3258 690 3341 apostolici„
722 3279 908 3325 conc.;
944 3256 1283 3339 singillatim
1315 3258 1569 3338 sumpti,
1608 3258 1862 3315 subdae'st.
1905 3259 2100 3339 quoad
2139 3270 2490 3341 potestatem

427 3479 502 3542 (l)
534 3475 750 3542 Prop.1„.
778 3475 1067 3542 propositio,
1090 3493 1199 3541 quoe
1213 3477 1388 3523 asserit
1471 3477 1727 3537 momenti,
1773 3485 2037 3542 spectantes
2072 3478 2139 3526 od
2178 3478 2486 3543 reliqionem,

347 3564 605 3631 postremis
623 3560 755 3609 hisce
786 3560 975 3607 soeculis
1004 3577 1101 3608 esse
1116 3558 1386 3625 qeneralem
1469 3565 1514 3605 et
1539 3576 1641 3624 quae
1671 3569 1784 3606 sunt
1810 3558 1933 3608 basis
1950 3559 2073 3623 fidei
2105 3567 2150 3607 et
2169 3557 2365 3608 momlz's
2386 3560 2495 3609 doc-

357 3647 703 3696 obscuritatem
727 3660 871 3709 super
899 3644 1118 3694 veritates
1141 3642 1386 3708 qravioris
1470 3643 1613 3690 trinae
1636 3641 1673 3689 J
1674 3658 1758 3690 eeu
1788 3641 2002 3703 Christi,
2032 3643 2261 3692 haeretica.
