2554 4140
812 231 934 268 cu.
984 231 1026 266 1.
1075 231 1142 265 mi
1186 230 1387 268 Possm.
1437 230 1566 268 nav.
2165 207 2235 267 Il

209 372 305 431 36.
357 370 446 430 Ad
470 371 580 444 2¹¹¹,
614 370 765 450 Neq.
794 368 882 428 Ad
906 367 985 424 1¹1¹
1004 377 1202 426 autem
1221 367 1393 448 prob.
1430 370 1590 447 Quia
1615 372 1850 430 nullam
1866 373 2240 430 essetemolu-

127 478 394 527 mentum
441 471 751 546 incoquitur
791 468 912 521 sive
950 464 1191 520 occultae
1226 465 1528 533 veritatis,
1574 465 1755 531 dist.;
1795 466 1842 525 si
1885 477 2033 526 esset
2078 468 2240 527 omni

129 584 199 622 ex
228 573 391 641 parte
424 560 706 638 incognita
737 568 795 615 et
820 555 1041 614 occulta
1063 601 1078 630 ,
1123 577 1306 622 conc.;
1338 557 1384 614 si
1416 575 1487 614 ex
1519 569 1686 637 parte
1716 569 1950 619 tantum
1973 606 1989 636 ,
2024 583 2244 644 nempe

98 670 101 673 ⁴
131 656 321 738 quoad
344 676 560 715 nexum
587 652 969 711 terminorum
992 696 1007 725 7
1041 673 1168 730 neq.
1200 653 1349 710 Nam
1382 651 1686 736 mysteria,
1727 673 1852 732 quae
1882 676 1986 733 per
2008 656 2238 716 revela—

129 753 349 811 tionem
377 756 787 831 proponuntur
812 791 828 819 ‚
865 757 930 804 ut
963 767 1033 805 ex
1067 745 1328 805 dicendis
1363 768 1466 804 suo
1494 746 1618 805 loco
1653 746 1880 828 patebit
1901 793 1916 822 7
1957 770 2079 807 non
2105 763 2243 811 sunt

129 848 367 906 omnino
395 843 716 922 incognita3
750 851 924 923 atque
955 852 1022 900 ut
1060 841 1339 923 exemplis
1374 862 1464 901 res
1496 841 1672 923 plana
1701 843 1834 918 fiat,
1879 863 2065 923 quum
2100 845 2243 905 dici·-

128 962 256 1001 mus
284 941 343 997 in
379 959 495 996 una
534 937 732 997 divina
765 946 973 996 natura
1014 947 1130 997 tres
1164 959 1285 997 esse
1321 957 1601 1018 personas
1624 983 1639 1012 7
1679 935 1821 996 duas
1860 937 2016 997 ideas
2053 959 2244 999 enun-

128 1037 340 1095 ciamus
374 1033 541 1092 nobis
579 1034 728 1093 bene
760 1034 1042 1113 cognitas,
1087 1033 1220 1092 licet
1250 1054 1370 1091 non
1409 1052 1784 1114 assequamur
1820 1033 2097 1108 modum,
2129 1057 2245 1116 quo

125 1132 186 1189 in
238 1151 350 1188 una
388 1128 813 1210 simplicissima
858 1140 1068 1187 natura
1106 1139 1223 1187 tres
1258 1127 1544 1188 distinctae
1578 1148 1846 1211 personae
1877 1128 2239 1204 subsistantr,

126 1226 204 1285 sic
230 1215 404 1284 etiam
428 1246 608 1305 quum
634 1224 877 1282 dicimus
902 1225 964 1282 in
1002 1224 1233 1283 Christo
1260 1223 1400 1282 duas
1436 1246 1558 1284 esse
1593 1235 1833 1283 naturas
1873 1221 2244 1284 subsistentis

126 1321 188 1378 in
230 1341 346 1378 una
380 1318 575 1379 divina
614 1340 860 1400 persona
889 1364 904 1393 ,
949 1318 1092 1377 duos
1124 1319 1342 1400 pariter
1376 1320 1658 1378 terminos
1694 1319 2042 1400 proferimus
2079 1318 2248 1378 nobis

127 1416 413 1495 cognstoe,
448 1417 554 1475 etsi
576 1437 696 1474 non
732 1413 1159 1494 intelligamuS‚
1197 1435 1310 1495 qua
1341 1415 1564 1474 ratione
1596 1414 1722 1474 duae
1761 1425 1989 1474 naturae
2025 1416 2088 1474 in
2130 1437 2247 1475 una

128 1532 375 1592 persona
405 1509 758 1582 subsistant3
793 1520 968 1591 atque
995 1510 1074 1568 ita
1106 1530 1280 1590 porro
1312 1508 1384 1568 de
1410 1511 1612 1570 ceteris
1640 1510 1927 1590 mysteriis
1960 1531 1991 1569 a
2024 1510 2249 1570 fortiori

131 1605 369 1663 dicatur.
396 1604 538 1663 Inde
560 1626 838 1684 magnum
861 1603 1030 1663 nobis
1064 1604 1530 1664 emolumentum
1550 1606 1829 1688 provenit
1846 1650 1862 1679 ‚
1896 1627 2080 1686 quum
2104 1610 2250 1684 ejus-

128 1699 285 1758 modi
328 1702 602 1781 mysteria
655 1701 825 1780 longe
876 1700 1338 1782 splendidiorem
1394 1701 1498 1759 Dei
1549 1700 1742 1760 ideam
1794 1700 2136 1782 praebeant,
2185 1722 2250 1760 ac

127 1792 313 1853 basim
337 1816 401 1854 ac
424 1795 874 1854 fundamentum
905 1795 1267 1853 constituant
1287 1796 1686 1854 firmissimum
1715 1795 2031 1854 moralium
2059 1796 2245 1856 virtu-

129 1899 255 1947 tum
295 1901 354 1948 et
392 1889 746 1962 officiorum,
794 1900 968 1971 atque
1002 1889 1379 1949 incitamento
1425 1890 1541 1948 sint
1577 1890 1653 1959 ad.
1689 1890 2088 1950 sublimiorem
2118 1912 2250 1972 per-

129 1983 456 2057 fectionem,
478 1996 543 2042 ut
565 1984 713 2043 infra
737 1984 1097 2059 evolvemuS,
1124 1984 1559 2065 capessendam.
1594 1985 1682 2044 Ad
1705 1986 2209 2044 confirmationem
2229 2031 2245 2059 ,

121 2081 380 2157 perinde
423 2089 563 2137 esset
595 2101 667 2137 ac
700 2081 913 2158 linqua
948 2083 1153 2158 iynota
1189 2081 1384 2157 loqui,
1426 2101 1556 2158 neq.
1603 2080 1836 2138 Etenim
1872 2101 1943 2139 ex
1983 2079 2248 2138 adductis

130 2173 413 2254 exemplis
442 2173 658 2232 corruit
695 2193 846 2232 vana
884 2172 1164 2251 ejusmodi
1197 2175 1438 2232 assertio
1473 2196 1485 2232 :
1533 2183 1685 2242 certe
1734 2196 1917 2256 quum
1962 2173 2208 2233 dicimus
2231 2220 2247 2248 .‚

129 2268 232 2325 Dei
262 2268 468 2326 Filium
501 2268 574 2326 ad
616 2267 963 2329 salvandum
997 2268 1325 2327 huma'num
1358 2290 1538 2349 genus
1564 2315 1579 2343 .,
1610 2281 1882 2328 naturam
1927 2269 2250 2328 humanam

127 2363 539 2443 assumpsisse,
580 2374 754 2444 atque
791 2362 863 2421 ad
899 2363 1185 2444 expianda
1223 2364 1530 2439 hominum
1560 2365 1804 2424 cirmina
1845 2386 1905 2425 se
1945 2366 2248 2428 victimam

128 2456 442 2532 obtulisse,
494 2480 615 2516 non
660 2458 957 2539 loquimur
999 2458 1196 2537 lingua
1236 2460 1452 2519 sinensi
1492 2470 1592 2519 aut
1642 2459 1989 2519 malabarica
2018 2495 2049 2536 ,ν
2091 2464 2249 2538 cujus

126 2553 359 2611 nonnisi
396 2574 644 2613 vacuum
679 2575 889 2611 sonum
913 2554 1330 2635 percipiamus3
1367 2567 1431 2613 ut
1462 2555 1661 2615 deistae
1690 2566 2022 2614 autumant.
2051 2554 2140 2614 Ad
2163 2556 2250 2613 2¹1¹

126 2646 292 2728 prob.
321 2653 610 2733 mysteria
641 2651 710 2707 oh
737 2653 990 2708 insitam
1013 2651 1435 2709 obscuritatem
1454 2696 1469 2725 ‚
1504 2663 1613 2710 etc.
1640 2653 1778 2710 dist.
1811 2654 2095 2732 Respectu
2126 2650 2251 2709 illo-

126 2762 260 2800 rum
284 2788 299 2818 ,
327 2745 428 2824 qui
451 2765 687 2803 omnem
710 2744 1029 2823 legitimam
1059 2744 1464 2805 auctoritatem
1491 2747 1759 2824 rejiciunt
1791 2745 1883 2806 vel
1911 2745 2103 2804 eidem
2127 2767 2250 2804 non

129 2834 527 2918 obsequuntur
547 2883 563 2913 a
595 2860 779 2906 comm
795 2850 1062 2920 respectu
1083 2839 1321 2899 illorum
1341 2886 1356 2915 7
1386 2841 1485 2922 qui
1502 2852 1568 2899 ut
1596 2862 1701 2922 par
1726 2852 1814 2899 est
1839 2840 2122 2918 ejusmodi
2150 2861 2253 2900 au-

131 2932 454 2990 ctoritatem
471 2944 823 2992 venerantur
842 2979 857 3008 ,
883 2956 1011 3014 neq.
1038 2936 1354 3014 Nonigitur
1370 2957 1440 2995 ex
1460 2936 1871 3015 mysteriorum
1886 2947 2116 3010 natura,
2146 2934 2251 2995 sed

132 3042 199 3082 ex
237 3026 464 3085 defectu
503 3026 685 3086 debiti
726 3027 988 3110 obsequii
1029 3048 1161 3109 erga
1199 3031 1603 3118 auctoritatem
1638 3053 1668 3088 a
1702 3033 1820 3089 Deo
1856 3031 2238 3089 constitutam

129 3120 408 3193 ejusmodi
443 3124 851 3183 controversiae
876 3135 1018 3184 ortae
1039 3136 1199 3196 sunt,
1230 3136 1405 3206 atque
1423 3126 1483 3182 in
1510 3125 1631 3184 dies
1647 3126 1936 3183 oriuntur.
1975 3126 2249 3185 Ceterum

130 3232 251 3269 non
281 3213 467 3274 solum
499 3217 644 3276 circa
674 3220 946 3298 mysteria
967 3265 982 3294 ‚
1026 3219 1128 3278 sed
1158 3221 1304 3279 circa
1335 3219 1623 3301 quoslibet
1651 3220 1953 3300 religionis,
1976 3220 2248 3280 articulos

131 3325 202 3363 ex
227 3307 442 3385 ingenii
461 3310 704 3370 humani
739 3312 923 3371 abusu
951 3316 1301 3394 quaestiones
1341 3326 1512 3374 motae
1539 3326 1677 3372 sunt
1705 3326 1879 3395 atque
1910 3326 2242 3376 moventur.

131 3399 219 3458 Ad
260 3403 792 3481 confirmationem,
838 3414 1207 3488 experientia
1244 3411 1532 3483 ostendit,
1585 3421 1692 3468 etc.
1737 3425 1868 3488 neq.
1913 3410 2042 3468 Istoe
2088 3408 2248 3466 enim

130 3515 251 3553 non
283 3508 421 3554 sunt
453 3498 564 3557 nisi
595 3500 911 3561 deistarum
940 3503 1395 3562 declamationes
1422 3515 1480 3562 et
1502 3502 1824 3563 calumniae.
1860 3503 2030 3576 Quod
2061 3502 2108 3559 si
2138 3502 2247 3560 Ec-

131 3589 298 3650 clesia
330 3593 606 3654 catholica
650 3619 879 3680 semper
920 3600 1160 3659 sollicita
1194 3600 1302 3657 fuit
1329 3600 1391 3657 in
1420 3598 1798 3658 custodiendo
1826 3598 2071 3657 fideliter
2093 3596 2262 3661 divi--

139 3705 346 3745 narum
377 3689 689 3751 veritatum
718 3693 982 3775 deposito
998 3694 1107 3754 sibi
1125 3716 1156 3753 a
1172 3697 1294 3753 Deo
1313 3700 1581 3753 concesso
1607 3740 1621 3768 ,
1655 3714 1900 3753 munere
1923 3714 2025 3751 suo
2050 3691 2245 3750 functa
