2554 4140
813 218 934 255 cn.
981 215 1020 250 1.
1065 215 1134 249 nn
1179 213 1376 250 Possm.
1422 212 1550 252 Rev.
2191 186 2227 243 9

114 362 331 423 firmari
364 371 559 442 posset
600 357 878 438 exemplis
915 375 1037 412 non
1070 372 1209 411 sane
1240 352 1435 432 paucis
1478 374 1585 412 nec
1621 351 1874 411 obscuris
1909 371 1981 410 ex
2015 369 2230 409 recen-

115 457 357 517 tioribus
387 457 589 528 sectis,
632 474 761 534 quae
802 462 929 508 tum
972 450 1033 506 in
1071 445 1311 525 Anglia,
1359 457 1487 502 tum
1522 447 1584 503 in
1615 447 1908 506 foederatis
1951 445 2229 505 Americae

118 549 589 634 septentrionalis
620 544 933 628 provinciis
970 542 1223 600 maxime
1257 540 1458 619 vigent
1492 538 1606 618 (l).
1632 542 1833 620 Neque
1861 541 2017 601 enim
2054 540 2231 598 homo

113 648 176 705 in
225 646 546 716 abstracto,
601 662 702 699 seu
744 649 919 720 prout
962 659 994 695 a
1029 634 1198 694 nobis
1239 635 1514 714 fingitur,
1570 635 1817 715 spectari
1873 634 2083 712 debet,
2133 632 2236 693 sed

83 730 85 732 ¹
122 741 304 823 qualis
344 740 527 820 reipsa
562 745 667 794 est.

897 923 1297 977 PROPOSITIO
1336 923 1428 975 ΙΙΙ.

122 1058 431 1117 Possihz'lis
466 1065 549 1114 est
588 1057 862 1114 revelatio
898 1056 1153 1113 illarum
1182 1056 1546 1123 veritatum,
1597 1072 1733 1130 quoe
1773 1054 1986 1108 mentis
2025 1061 2242 1109 nostroe

200 1162 445 1232 captum
478 1152 807 1222 excedunt,
842 1171 943 1209 seu
973 1160 1057 1208 est
1070 1149 1382 1230 possibilis
1413 1150 1840 1227 mysteriorum
1862 1147 2157 1205 revelatio·

201 1342 299 1401 30.
345 1340 720 1420 Mysterium‚
767 1335 925 1417 quod
962 1334 1118 1394 idem
1166 1334 1447 1414 significat
1502 1356 1567 1394 ac
1606 1356 1698 1394 res
1746 1356 1954 1394 arcana
1981 1379 1997 1409 .,
2058 1346 2124 1393 ut
2172 1356 2244 1395 ex

119 1436 528 1520 propositionis
569 1431 967 1492 enuntiatione
1003 1429 1322 1509 colligitur,
1365 1430 1458 1489 hic
1492 1430 1770 1512 accipitur
1800 1452 1908 1512 pro
1948 1430 2193 1491 veritate
2224 1475 2242 1505 ,

124 1554 253 1613 quae
295 1530 463 1609 longe
495 1527 568 1586 ab
604 1525 989 1605 intelligentia
1023 1536 1221 1583 nostra
1259 1525 1546 1602 disjuncta
1571 1527 1699 1599 vsit3
1739 1547 1861 1585 non
1903 1546 1971 1584 eo
2007 1524 2246 1606 quidem

122 1647 293 1685 sensu
333 1623 489 1705 quod
541 1623 715 1704 plane
755 1643 863 1679 nos
905 1620 1083 1679 lateat
1132 1621 1415 1699 ejusmodi
1465 1621 1713 1696 veritaS‚
1757 1626 1916 1700 cujus
1962 1621 2247 1680 terminos

123 1741 259 1779 vere
300 1719 732 1798 cognoscimUS,
779 1716 882 1775 sed
912 1715 1070 1796 quod
1094 1717 1483 1783 terminorum
1519 1721 1639 1794 ejus
1679 1738 1899 1775 nexum
1940 1739 2062 1775 non
2103 1737 2249 1775 asse-

126 1836 409 1896 quamur,
452 1834 566 1893 quo
598 1814 694 1885 fit,
741 1822 806 1868 ut
836 1810 1118 1887 ejusmodi
1156 1811 1462 1870 veritatem
1498 1812 1741 1870 minime
1778 1812 2245 1892 comprehenda-

125 1931 277 1968 mus,
322 1909 549 1986 Negant
572 1906 767 1964 deistae
786 1950 802 1982 ,
842 1905 1115 1984 mysteria
1143 1927 1311 1986 posse
1337 1928 1367 1964 a
1397 1908 1517 1964 Deo
1551 1905 1836 1981 revelari,
1874 1919 1963 1965 ast
1995 1908 2207 1965 frustra
2227 1933 2252 1984 ,3¹

128 2014 347 2062 etenim

208 2095 304 2154 31.
350 2098 574 2153 Dantur
624 2094 894 2154 veritates
921 2139 936 2168 7
990 2113 1117 2174 quae
1172 2094 1386 2153 mentis
1442 2105 1657 2154 nostrae
1698 2095 1880 2155 aciem
1920 2108 2247 2178 superant3

128 2212 261 2270 ergo
286 2194 436 2250 Deus
470 2199 662 2271 potest
693 2210 787 2247 eas
816 2188 1222 2266 manifestare,
1261 2211 1360 2248 seu
1395 2188 1684 2270 possibilis
1722 2200 1809 2250 est
1835 2192 2248 2271 mysteriorum

128 2285 428 2347 revelatio.
801 2346 806 2354 ,

211 2381 308 2439 32.
359 2380 524 2454 Quod
538 2378 752 2439 dentur
769 2380 1052 2458 ejusmodi
1069 2381 1341 2441 veritates
1364 2427 1379 2456 ‚
1408 2404 1583 2442 nemo
1605 2403 1758 2442 sanae
1777 2384 1989 2443 mentis
2010 2384 2253 2444 inficiari

130 2485 323 2558 potest
355 2497 369 2532 :
417 2474 559 2534 tales
594 2475 751 2533 enim
780 2486 948 2549 sunt.¹
990 2496 1119 2557 quae
1149 2488 1422 2535 naturam
1450 2478 1704 2536 hominis
1738 2491 2038 2560 spectant,
2074 2479 2251 2556 taleS,

131 2591 255 2651 quae
283 2581 551 2627 naturam
578 2581 843 2650 spectant
867 2591 1178 2652 corporum
1216 2574 1481 2631 omnium
1502 2618 1517 2649 ,
1549 2595 1679 2655 quae
1707 2596 1814 2633 nos
1843 2576 2242 2634 circumstant.

131 2666 441 2724 Hominem
482 2666 673 2723 anima
708 2677 767 2724 et
802 2687 1042 2747 corpore
1079 2679 1343 2748 constare
1374 2680 1738 2749 compertum
1773 2681 1860 2728 est
1885 2715 1900 2744 ,
1951 2692 2063 2750 qua
2117 2692 2255 2731 vero

133 2761 358 2819 ratione
385 2761 594 2819 existat
624 2759 1024 2842 confleturque
1064 2764 1450 2844 compositum
1491 2764 1829 2844 utriusque7
1863 2763 2155 2845 quomodo
2190 2766 2254 2823 in

137 2873 342 2935 corpus
390 2856 582 2913 anima
625 2876 688 2914 ac
723 2855 975 2915 vicissim
1026 2858 1088 2914 in
1146 2859 1404 2916 animam
1459 2879 1666 2939 corpus
1718 2870 1880 2939 agat,
1926 2858 2100 2941 plane
2146 2881 2253 2918 nos

139 2953 413 3030 praeterit.
469 2953 742 3030 Ignorant
796 2952 1128 3035 philosophi
1180 2977 1447 3036 quaenam
1499 2956 1574 3013 sit
1629 2977 1939 3037 corporum
1998 2969 2207 3015 natura
2234 2982 2256 3030 ς,

144 3053 263 3103 tota
302 3067 414 3129 qua
438 3045 552 3105 late
574 3058 737 3128 patet
764 3046 888 3106 haec
915 3070 1112 3107 rerum
1139 3051 1483 3111 universitas
1520 3052 1863 3131 mysterium
1901 3062 2005 3110 est.
2039 3054 2256 3111 Recen-

142 3137 314 3197 tiores
347 3141 456 3222 ipsi
487 3141 741 3222 physici,
781 3143 915 3202 licet
946 3165 1068 3203 non
1100 3167 1308 3226 parvos
1334 3167 1669 3228 progressus
1704 3147 1947 3206 fecerint
1973 3149 2037 3206 in
2062 3148 2252 3227 cogni-

143 3231 300 3291 tione
327 3246 576 3310 naturae,
609 3237 874 3319 legesque
898 3239 1110 3298 multas
1148 3251 1206 3299 et
1230 3241 1380 3301 vires
1421 3241 1952 3322 deprehenderint,
1996 3241 2255 3300 fatentur

144 3335 344 3386 tamen
397 3328 587 3392 abdite
624 3331 806 3393 latere
842 3333 1032 3393 adhuc
1066 3335 1309 3394 istarum
1347 3336 1560 3397 virium
1598 3357 1793 3395 causas
1816 3381 1831 3411 ,
1878 3347 1936 3395 et
1975 3357 2097 3396 esse
2119 3382 2135 3411 7
2190 3346 2257 3394 ut

213 3533 285 3598 (l)
322 3533 545 3584 Nonnulli
585 3551 640 3585 ex
681 3540 779 3586 istis
813 3542 1012 3588 sectariis
1042 3540 1155 3588 adeo
1240 3551 1392 3604 perata
1438 3540 1706 3589 effutierint.
1740 3539 1842 3587 Non
1875 3556 2019 3604 pauca
2052 3538 2258 3603 exempla

149 3619 374 3680 progressi
410 3628 517 3666 sunt
541 3654 553 3677 ,
588 3629 640 3666 ut
672 3620 759 3668 sibi
790 3640 815 3669 a
853 3621 953 3669 Deo
986 3623 1159 3670 nefaria
1240 3622 1384 3671 videri
1416 3633 1605 3687 possunt
1626 3626 1675 3670 in
1709 3623 2025 3670 controversiis
2048 3621 2258 3686 Episcopi

150 3712 347 3763 quaeque
373 3708 420 3748 et
448 3699 698 3750 homicidia
724 3719 776 3750 ac
810 3703 1051 3767 parricidia
1071 3706 1160 3753 im·
1242 3703 1413 3754 Milner
1430 3741 1443 3765 ,
1473 3717 1573 3770 quae
1604 3722 1685 3753 suo
1714 3703 1815 3753 loco
1840 3703 2101 3753 afferemuS.
