2554 4140
648 125 806 162 PROP.
855 122 958 159 ΧΠ.
1011 123 1079 157 DE
1123 120 1316 172 ronna.
1364 118 1673 174 amleloSA.
2103 95 2219 162 359

105 269 386 329 creaverit
407 289 514 349 pro
542 267 679 348 ipsis
706 266 883 330 etiam
905 263 1130 333 coelum,
1145 271 1204 321 et
1227 272 1444 320 terram
1466 306 1482 336 ‚
1521 271 1810 320 aeternum
1832 271 2031 318 tamen
2056 305 2072 332 7
2108 259 2223 323 nisi

106 365 448 444 resipiscant
467 408 482 437 .‚
514 384 544 421 a
571 365 691 420 Deo
723 361 1076 442 punientur..
1230 350 1235 356 ’
2180 351 2196 375 '

190 458 330 521 322.
382 457 470 517 Ad
503 458 623 531 ΞΜ,
660 457 824 525 Dist.
862 456 1156 526 Quatenus
1191 472 1497 531 uunquam
1534 450 1784 531 amplius
1827 449 2048 511 diluvio
2075 459 2227 511 esset

106 554 374 631 homines
411 545 1161 633 perditurussicutprius,
1198 564 1363 609 conc.
1382 568 1402 610 ;
1437 545 1513 605 ad
1546 544 2045 609 cohonestandam
2077 542 2229 633 tole-

107 649 360 711 rantiam
414 646 741 726 religiosam
762 689 779 718 ‚
821 664 962 722 neq„-
995 638 1149 711 Quin
1184 636 1378 718 potius
1410 658 1486 696 ne
1519 661 1657 703 vera
1699 639 1898 718 religio
1946 637 2228 700 oblivioni

109 742 346 802 daretur
364 788 381 817 7
407 741 501 805 vel
521 739 796 800 humanis
817 727 1161 804 commentis
1184 743 1658 812 corrumperetur
1675 779 1691 808 .,
1717 734 1891 814 ,elegit
1919 733 2028 800 sibi
2053 732 2231 812 Abraf

109 837 252 895 ham
291 819 956 916 ejusque'posteritatem
993 831 1055 887 in
1084 827 1374 910 populum
1410 826 1800 909 peculiarem,
1837 831 1930 888 cui
1955 830 2231 894 commis*

114 955 236 991 sam
261 928 890 993 voluitvrevelationem
917 947 1108 998 suam,
1140 924 1326 986 donec
1347 923 1577 987 veniret
1600 921 1907 1003 plenitudo
1924 925 2227 1006 temporis·7

113 1028 174 1084 in
207 1048 317 1106 qua
357 1035 560 1107 gentes
587 1022 660 1080 ab
686 1021 979 1080 erroribus
1011 1031 1427 1084 revocarentur
1463 1017 1539 1076 ad
1566 1019 1687 1081 veri
1713 1018 1818 1081 Dei
1842 1018 2229 1097 cognitionem

113 1132 171 1180 et
196 1139 455 1185 amorem
474 1163 490 1194 ‚
522 1116 679 1197 quod
707 1137 810 1174 suo
841 1127 1109 1197 tempore,
1141 1113 1516 1180 ostendemus
1544 1114 1657 1192 (l).

189 1213 348 1287 322⁹„
392 1212 480 1272 Ad
517 1212 633 1287 3¹1¹,
674 1212 832 1270 Dist.
862 1212 1197 1291 ¹Nunquam
1241 1209 1440 1275 allexit
1473 1230 1668 1290 neque
1703 1207 1939 1289 impulit
1969 1230 2233 1269 socerum

111 1331 282 1368 suum
312 1307 387 1367 ad
418 1305 835 1387 relinquendos
872 1304 1013 1372 deos
1032 1350 1049 1379 .,
1083 1326 1227 1386 quos
1253 1326 1375 1371 non
1402 1303 1693 1377 habebat,
1731 1324 1924 1372 conc.;
1951 1325 2094 1385 quos
2125 1303 2235 1363 ha-

112 1403 326 1477 bebat,
361 1425 492 1482 neq.
526 1401 734 1460 Jethro
775 1401 932 1459 enim
971 1412 1096 1459 erat
1131 1399 1319 1458 cultor
1339 1444 1356 1473 ,
1383 1399 1502 1458 imo
1528 1397 1791 1467 sacerdos
1820 1399 1947 1458 veri
1978 1399 2111 1473 Dei,
2144 1401 2235 1458 cui

114 1499 177 1557 in
206 1498 435 1557 deserto
473 1495 685 1555 obtulit
718 1495 1051 1554 holocausta
1086 1505 1144 1553 et
1174 1493 1390 1553 hostias
1410 1539 1426 1568 ‚
1463 1505 1531 1552 ut
1564 1504 1729 1576 patet
1756 1515 1828 1552 ex
1865 1486 2018 1551 libro
2053 1493 2235 1553 Exodi

113 1592 280 1673 (cap.
310 1593 531 1666 XVIII,
575 1593 652 1648 12
674 1591 721 1671 ).
763 1593 895 1650 Non
934 1579 1165 1671 poterat
1203 1589 1450 1670 proinde
1493 1585 1720 1668 Moyses
1764 1610 1900 1648 eum
1934 1587 2235 1667 impellere

117 1687 193 1746 ad
214 1687 385 1745 falsos
413 1686 550 1745 deos
585 1685 1019 1767 relinquendos,
1054 1686 1327 1750 Ceterum
1359 1673 1520 1765 quod
1549 1705 1670 1742 non
1695 1682 1996 1765 impulerit
2024 1684 2233 1754 etiam,

111 1793 178 1840 ut
215 1803 338 1841 sese
377 1802 508 1839 cum
548 1779 764 1863 populo
797 1780 972 1840 Israel
1002 1784 1416 1859 conjungeret,
1461 1800 1528 1838 ac
1569 1778 1817 1860 proinde
1866 1779 2239 1860 profiteretur

113 1878 340 1938 cultum
370 1881 691 1935 mosaicum
712 1922 728 1950 7
755 1876 866 1935 hoc
893 1875 1104 1934 falsum
1137 1885 1225 1934 est
1244 1920 1260 1949 ,
1299 1886 1366 1933 ut
1391 1896 1634 1933 rursum·
1644 1885 1810 1955 patet
1845 1894 1917 1932 ex
1938 1871 2088 1931 libro
2112 1874 2239 1931 Nua

113 1996 414 2034 merorum
436 1973 596 2055 (cap.
628 1975 678 2031 X
699 2019 715 2048 .,
736 1971 917 2031 29-31
944 1976 1003 2051 )‚
1030 1971 1132 2029 ubi
1161 1983 1222 2030 et
1243 1969 1425 2037 semel
1452 1982 1512 2035 et
1534 1970 1749 2035 iterum
1778 1991 1913 2028 eum
1937 1969 2235 2042 invitavit,

113 2069 299 2128 multa
345 2068 497 2127 bona
533 2070 584 2127 ei
614 2068 985 2150 promittens,
1018 2069 1051 2125 J
1061 2066 1340 2125 udaicane
1377 2087 1452 2124 an
1487 2065 1677 2147 potius
1706 2062 2107 2146 philosophica
2153 2073 2240 2122 est

115 2165 236 2225 haec
266 2164 410 2224 fides
433 2164 794 2244 integerrimi
819 2163 974 2221 illius
1011 2161 1319 2222 Salvador.
1307 2163 1335 2208 ‘r‘

196 2260 335 2320 324.
380 2261 471 2320 Ad
512 2261 633 2333 4¹¹¹
677 2260 830 2340 Ney.
879 2270 1054 2341 prout
1095 2258 1318 2340 profert
1362 2239 1669 2327 Salvador.
1719 2257 2038 2336 Nunquam
2081 2253 2241 2311 enim

113 2355 262 2415 dixit
290 2356 537 2415 Noemi·
565 2357 688 2430 Ite,
723 2360 1107 2418 reverti'mzm'
1133 2356 1219 2412 ad
1237 2354 1542 2433 populum
1590 2361 1856 2410 vestrum
1893 2362 1948 2407 et
1987 2351 2072 2407 ad
2097 2352 2245 2408 Deos

110 2463 335 2511 vestros
372 2453 496 2532 (2);
538 2439 644 2509 sed
684 2450 927 2509 solum:
966 2451 1374 2510 Revertimz‘ni
1395 2448 1540 2526 silice
1577 2469 1754 2516 meoe,
1795 2457 1848 2504 et
1880 2446 2073 2512 abita
2109 2465 2244 2502 cum

123 2568 264 2607 vero
295 2547 643 2606 discessisset
670 2545 744 2606 ab
771 2567 838 2604 ea
861 2545 1102 2626 Orpha
1138 2544 1318 2611 altera
1354 2548 1475 2620 ejus
1505 2563 1726 2616 nurus,
1729 2541 1904 2600 dixit
1930 2540 2135 2607 Noemi
2168 2538 2246 2598 ad

121 2642 281 2704 Ruth
317 2666 330 2699 :
366 2644 436 2701 E
430 2666 471 2699 η
497 2662 728 2700 reversa
758 2651 842 2698 est
865 2649 1116 2718 cognata
1141 2649 1251 2696 tua
1279 2639 1365 2695 ad
1375 2637 1670 2715 populum
1696 2655 1880 2694 suum
1909 2644 1963 2691 et
1987 2634 2073 2690 ad
2093 2633 2245 2692 Deos

123 2757 258 2794 suos
270 2780 294 2812 ,
332 2738 478 2796 vade
503 2757 647 2794 cum
671 2755 779 2806 ,ea,·
808 2736 887 2793 ita
912 2746 980 2792 ut
1006 2755 1210 2794 sensus
1233 2733 1307 2791 sit
1333 2754 1346 2791 ε
1376 2731 1529 2798 Vade
1560 2741 1617 2789 et
1640 2741 1706 2788 tu
1731 2729 1791 2787 in
1814 2739 2033 2789 terram
2056 2738 2244 2801 tuam,

124 2841 301 2910 prout
326 2841 386 2889 et
426 2829 522 2888 illa
559 2830 836 2910 perrexit.
882 2830 1016 2887 Haec
1052 2840 1250 2887 autem
1290 2827 1512 2906 profata
1547 2835 1635 2884 est
1677 2823 1919 2896 Noemi
1963 2832 2029 2879 ut
2057 2822 2246 2880 inter.-

125 2936 320 3006 pretes
354 2926 569 3032 passim
603 2935 942 3019 exponunt,
984 2922 1060 2982 ad
1096 2921 1518 3004 explorandam
1550 2919 1709 2979 Ruth
1736 2918 2123 2976 constantiam
2152 2927 2245 2974 at-

130 3041 242 3100 que
273 3021 452 3079 animi
487 3015 852 3101 propositum
877 3018 986 3097 (3).
1021 3017 1174 3090 Quid
1207 3017 1380 3096 igitur
1405 3015 1486 3074 ibi
1519 3015 1803 3089 habetur
1842 3011 1999 3094 quod
2029 3011 2166 3073 vel
2151 3032 2246 3068 m-

126 3127 272 3174 nuat
297 3115 669 3174 tolerantiam
703 3113 1113 3205 religiosam?
1330 3127 1336 3133 ’

199 3292 263 3355 (l)
299 3292 356 3340 In
381 3303 509 3341 tract.
540 3291 622 3339 De
643 3291 1015 3374 Incarnatio‘ne.
1217 3321 1327 3361 ruas
1363 3314 1427 3360 ita
1463 3329 1511 3361 se
1546 3311 1684 3360 habet
1715 3279 1821 3375 3:¹7
1868 3287 2017 3361 ,njn
2061 3283 2240 3355 :unw-

201 3375 267 3438 (2)
306 3373 381 3423 Sic
414 3378 539 3424 enim
572 3375 791 3424 Salvador
831 3376 967 3424 refert
1000 3374 1138 3423 verba
1725 3378 1773 3398 τε
1799 3376 1822 3385 ··
1913 3376 1939 3382 -
1994 3376 2007 3401 ε
2117 3368 2170 3392 v:

132 3458 295 3506 Noemi
315 3477 327 3506 :
348 3458 509 3519 Allez,
527 3468 779 3507 retournez
793 3460 824 3522 ᾲ
839 3476 921 3507 vos
939 3457 1140 3525 penples

133 3550 176 3588 eg
195 3542 320 3588 (2003
336 3541 628 3608 digna-Ham
646 3560 753 3591 vem
768 3542 1144 3591 etfamsireoedss„
1226 3526 1370 3573 ilem.
1404 3542 1488 3572 nec
1520 3524 1706 3572 additur
1734 3546 1748 3570 .·
1782 3524 1846 3571 ad
1879 3522 2011 3570 Deos
2047 3528 2243 3567 vestros.

136 3641 290 3671 remus
315 3642 339 3671 a
361 3627 569 3673 versione
586 3625 798 3689 vulgata,
828 3624 1044 3674 hebraica
1070 3640 1148 3672 ve·
1264 3628 1269 3633 '
1300 3621 1360 3683 (3)
1399 3620 1466 3668 Ita
1497 3631 1737 3685 exponunt
1779 3636 1876 3668 non
1917 3618 2066 3668 solum
2094 3619 2239 3664 inter-

1222 3429 1281 3477 ad
1311 3430 1505 3477 verbum
1558 3446 1571 3476 ε
1609 3429 1913 3476 revertimini
1943 3425 2063 3490 filioe
2090 3417 2248 3483 mete,
