2554 4140
353 533 454 600 IN
507 523 1248 606 PRAELECTIONES
1301 521 1987 593 THEOLOGICAS

801 727 1526 792 PROLEGOMENA.

1103 929 1234 1011 §r

527 1161 853 1199 THEOLOGIAE
895 1159 1062 1197 Nono
1104 1157 1411 1208 OPERISQUE
1453 1156 1809 1195 PROSPECTUS.

197 1359 250 1416 1.
296 1356 641 1436 Theologia‚
680 1376 812 1435 quae
840 1400 856 1429 ,
902 1355 951 1412 si
993 1354 1148 1413 vocis
1187 1364 1426 1435 etymon
1466 1362 1691 1434 spectes
1725 1397 1740 1426 .,
1785 1362 1873 1411 est
1913 1352 2122 1411 Sermo
2165 1353 2238 1411 de

115 1455 234 1514 Deo
256 1497 280 1525 ,
318 1453 495 1511 modo
534 1451 761 1524 latiori,
812 1448 988 1507 modo
1013 1449 1284 1507 strictiori
1319 1447 1736 1528 significatione
1767 1457 2102 1528 usurpatur.

71 1620 77 1623 ὴ
193 1548 261 1605 2.
307 1545 633 1625 Theologiae
658 1545 818 1604 enim
842 1530 1084 1604 nomine
1103 1565 1168 1603 ea
1186 1543 1556 1628 peculiariter
1581 1542 1795 1602 divinae
1822 1542 2077 1602 scientiae
2102 1564 2237 1624 pars

116 1640 636 1723 comprehenditur
655 1686 672 1715 ,
705 1661 831 1722 quae
845 1641 961 1719 agit
980 1639 1053 1699 de
1069 1643 1220 1715 Dec„
1251 1639 1440 1721 deque
1462 1640 1529 1698 iis
1547 1685 1562 1714 ,
1591 1659 1720 1720 quae
1755 1641 1874 1698 Deo
1906 1638 2198 1697 inhaerent
2219 1683 2236 1713 ‚

116 1736 442 1816 cujusmodi
470 1747 608 1794 sunt
649 1734 753 1795 Dei
782 1736 1167 1817 proprietates
1192 1756 1293 1799 seu
1327 1734 1607 1795 attributa
1644 1747 1773 1794 tum
1808 1733 2074 1794 absoluta
2110 1745 2241 1793 tum

115 1833 381 1892 relativa.
424 1831 706 1913 Ampliori
747 1833 1080 1912 acceptione
1132 1831 1467 1910 designatur
1513 1843 1791 1912 praeterea
1834 1829 2120 1912 quidquid
2165 1829 2241 1888 ad

120 1932 306 1989 Deum
350 1941 633 2009 tanquam
666 1949 897 1986 eausam
932 1928 1183 1987 refertur
1200 1972 1219 2008 η,
1269 1948 1369 1986 seu
1404 1948 1580 2008 opera
1606 1925 2066 2008 ,comprehendit
2111 1947 2241 2003 om-

119 2025 218 2082 nia
238 2070 253 2098 7
283 2044 410 2105 quae
438 2035 600 2082 extra
628 2026 816 2083 Deum
841 2034 979 2081 sunt
998 2069 1013 2096 7
1046 2044 1379 2103 quanquam
1409 2021 1481 2079 ab
1511 2022 1637 2102 ipso
1661 2022 1945 2101 originem
1967 2021 2241 2095 trahant,
2300 2028 2305 2030 ’

122 2130 296 2199 atque
327 2119 751 2194 instrumenta,
787 2117 996 2198 quibus
1025 2119 1178 2174 Deus
1205 2115 1280 2174 ad
1317 2115 1542 2197 aliquid
1582 2115 1954 2176 efficiendum
1993 2116 2200 2174 utitur.

200 2212 256 2271 3.
302 2213 452 2271 Hinc
506 2213 568 2269 in
634 2212 775 2270 duas
851 2221 1044 2293 partes
1099 2210 1297 2271 divina
1363 2211 1484 2271 haec
1543 2211 1847 2292 disciplina
1912 2209 2197 2270 dividitur
2223 2254 2240 2284 ‚

122 2327 372 2387 quarum
397 2306 577 2365 altera
589 2306 1028 2387 ,disputationes
1053 2305 1460 2387 complectitur
1486 2305 1561 2367 de
1583 2309 1705 2367 Deo
1732 2312 1970 2387 ejusque
1998 2304 2244 2364 attribu-

122 2402 194 2459 tis
214 2447 229 2474 ‚
269 2401 448 2460 altera
481 2402 636 2460 circa>
662 2402 768 2460 Dei
790 2423 964 2483 opera
996 2412 1280 2460 versatur.

206 2496 262 2554 4.
314 2498 460 2554 Cum
503 2508 700 2554 autem
745 2496 1055 2577 dupliciter
1103 2498 1291 2558 Deum
1336 2507 1598 2576 spectare
1647 2496 1973 2578 possi-mm,
2029 2516 2246 2576 nempe

124 2590 219 2651 vel
253 2602 319 2648 ut
351 2601 644 2651 auctorem
677 2603 902 2650 naturae
925 2637 939 2662 2
978 2591 1071 2651 vel
1111 2603 1177 2649 ut
1216 2602 1513 2653 auctorem
1559 2592 1788 2671 gratiae„
1836 2591 1974 2652 hinc
2011 2611 2245 2651 rursum

126 2687 412 2766 posterior
437 2687 556 2746 haec
589 2686 893 2766 theologiae
933 2708 1067 2768 pars
1099 2685 1366 2745 bifariam
1391 2687 1777 2749 distribuitur.
1813 2687 1977 2746 Prior
2006 2684 2246 2767 quidem.

127 2781 232 2839 Dei
265 2803 438 2862 opera
475 2781 910 2862 contemplatur
933 2827 950 2856 a
986 2784 1099 2863 qua
1134 2793 1359 2841 creator
1388 2794 1447 2841 et
1474 2793 1674 2843 auctor
1703 2793 1927 2842 naturae
1950 2792 2038 2841 est
2059 2825 2075 2855 .,
2118 2801 2247 2862 pos-

128 2877 338 2950 terior,
377 2898 490 2957 qua
522 2878 717 2956 gratiae
749 2889 837 2936 est
870 2876 998 2939 fons
1033 2888 1090 2936 et
1129 2879 1303 2956 origo,

212 2970 269 3028 5.
319 2972 402 3028 Ex
439 2971 712 3053 operibus
746 2994 918 3053 porro
944 2993 975 3029 a
1009 2975 1128 3032 Deo
1151 2973 1395 3031 conditis
1430 2971 1540 3031 alia
1566 2993 1726 3031 mere
1757 2970 2039 3054 spiritalia
2067 2982 2204 3029 sunt
2228 3017 2244 3040 ,

131 3075 197 3122 ut
226 3065 414 3144 angeli
450 3078 509 3125 et
534 3066 844 3126 hominum
874 3068 1084 3127 animae
1105 3114 1120 3143 .,
1158 3068 1268 3127 alia
1294 3090 1530 3150 prorsus
1567 3089 1839 3149 corporea
1858 3113 1875 3143 7
1910 3077 1978 3125 ut
2005 3067 2126 3127 haec
2153 3089 2249 3127 re-

133 3178 265 3217 rum
294 3160 639 3220 universitas
659 3207 674 3238 ‚
700 3184 826 3244 quae
850 3162 980 3222 coeli
1007 3174 1290 3245 terraeque
1322 3162 1549 3222 ambitu
1577 3164 1992 3238 eontinentur⁷
2020 3162 2128 3221 alia
2154 3161 2251 3221 de-

136 3272 331 3327 mum,
365 3277 495 3336 quae
528 3267 657 3315 tum
682 3258 890 3338 spiritu
913 3268 1042 3316 tum
1068 3280 1308 3340 corpore
1339 3269 1608 3317 constant
1627 3304 1642 3332 ,
1684 3269 1750 3316 ut
1778 3257 1957 3316 homo
1982 3259 2128 3339 ipse.

221 3347 278 3404 6.
326 3350 417 3407 Sic
456 3372 630 3432 opera
662 3354 889 3432 gratiae7
931 3353 1140 3434 quibus
1180 3353 1573 3433 intelligentes
1625 3363 1901 3412 creaturae
1935 3353 2039 3412 Dei
2073 3352 2251 3434 ipsius

136 3450 408 3500 naturam
446 3446 876 3526 quodammodo
900 3449 1156 3507 induunt
1175 3494 1191 3524 ,
1231 3470 1331 3508 seu
1361 3449 1435 3508 ad
1465 3447 1761 3531 quoddam
1800 3469 1933 3507 cum
1962 3451 2083 3508 Deo
2110 3468 2250 3510 con-

130 3535 375 3594 sortium
399 3558 464 3596 ac
487 3543 1077 3603 communicationem
1104 3566 1279 3625 supra
1311 3553 1536 3603 naturae
1569 3565 1686 3603 suae
1713 3542 2108 3603 conditionem
2142 3540 2248 3599 ad-

128 3631 447 3692 mittuntur
464 3682 480 3712 ‚
511 3656 618 3715 pro
638 3636 852 3716 duplici
866 3639 1406 3699 communicationis
1431 3637 1606 3699 modo
1630 3637 1940 3720 dupliciter
1966 3635 2243 3715 distingui

131 3739 391 3804 possunt.
