2554 4140
302 110 390 173 78

963 127 1032 163 DE
1074 124 1225 164 'VERA
1267 124 1390 164 REI..
1441 123 1574 163 ADV.
1624 124 1779 164 INGR-

308 277 606 339 ereaturis
639 271 880 331 occultae
911 269 1021 351 (l).
1053 270 1134 328 Ex
1159 288 1273 349 qua
1296 265 1621 349 prophetiae
1648 267 1892 329 notione
1922 283 2116 353 patet,
2146 284 2266 335 tres
2293 296 2436 336 con·

307 374 560 434 ditiones
603 367 678 429 ad
708 389 839 427 eam
878 386 1016 427 vere
1060 375 1118 425 et
1153 365 1391 447 proprie
1426 363 1607 423 talem
1650 365 2121 428 constituendam
2159 372 2375 453 requiri
2417 393 2434 431 z

314 472 379 529 10
411 478 479 524 ut
508 466 583 524 sit
605 464 907 548 praedictio
932 473 1134 535 certa,
1163 483 1285 519 non
1307 460 1706 539 conjecturalis
1729 507 1744 535 ‚
1777 463 1845 519 20
1869 464 1954 521 rei
1977 463 2187 525 futurae
2211 469 2440 540 liberoe,

309 582 439 646 quae
467 560 716 644 proinde
751 581 862 619 nec
890 570 1015 618 arte
1051 579 1161 617 nec
1190 556 1429 616 scientia
1468 556 1723 615 naturali
1750 557 2139 641 qualicunque
2179 564 2444 643 cognosci

308 659 495 742 possit
513 702 530 732 ‚
562 656 628 716 30
654 656 735 716 ita
762 655 1157 716 determinata
1176 699 1193 727 ⁷
1231 664 1300 711 ut
1326 675 1448 711 non
1486 653 1894 713 accomodetur
1921 667 2167 715 eventus
2193 658 2445 740 prophe—

308 754 439 827 tiae,
491 752 595 812 sed
640 751 835 834 potius
888 749 1198 832 prophetia
1242 748 1597 808 determinet
1655 762 1971 826 eventum3
2020 751 2079 811 id
2123 764 2243 830 est,
2288 755 2447 835 quod

309 873 434 910 non
466 849 543 908 sit
569 869 714 926 vaga
749 859 809 906 et
844 845 1085 905 obscura
1109 889 1125 918 7
1171 842 1487 924 flexiloqua
1510 889 1526 919 ‚
1571 866 1701 926 quae
1734 848 1895 905 omni
1940 850 2178 917 eventui
2230 871 2448 908 accom-

310 946 541 1007 modari
570 944 788 1027 possit,
829 953 888 1001 et
915 941 1230 1023 applicatio
1269 962 1391 998 non
1433 940 1508 998 sit
1544 940 1869 1002 arbitraria.
1916 947 2053 1017 Quae
2089 945 2449 1007 conditiones

310 1063 548 1123 semper
582 1061 707 1122 prae
752 1037 931 1098 oculis
967 1035 1253 1096 habendae
1290 1046 1428 1093 sunt
1462 1035 1539 1094 ad
1575 1037 1972 1099 cavillationes
2008 1063 2212 1100 omnes
2248 1043 2454 1102 adver-

314 1138 599 1198 sariorum
624 1132 980 1214 detegendas
1002 1178 1017 1205 ,
1051 1131 1380 1214 praesertim
1407 1147 1541 1190 cum
1567 1132 1703 1214 ipsae
1724 1134 1842 1192 sint
1861 1180 1876 1210 .,
1902 1157 2031 1217 quae
2059 1136 2453 1198 characterem

315 1244 375 1294 et
409 1243 613 1293 notam
640 1229 964 1289 divinitatis
1007 1227 1363 1308 imprimunt
1405 1227 1749 1309 prophetiis.
1799 1231 1898 1288 Est
1941 1232 2101 1291 enim
2144 1234 2454 1316 prophetia

313 1350 497 1410 genus
537 1325 836 1409 quoddam
879 1323 1180 1398 miraculi7
1229 1345 1332 1383 seu
1379 1345 1587 1385 verum
1633 1325 1874 1407 quidem
1916 1328 2303 1404 miraculum3
2354 1329 2458 1390 sed

315 1423 627 1506 prophetia
657 1442 777 1505 prae
814 1420 1092 1480 miraculo
1130 1419 1240 1479 hoc
1274 1419 1450 1480 habet
1470 1465 1486 1497 5
1525 1421 1682 1503 quod
1707 1421 2118 1504 probationem
2151 1447 2318 1484 suam
2347 1424 2460 1484 sibi

317 1523 431 1604 ipsi
451 1518 808 1603 suppeditat.
830 1518 1100 1599 Quisquis
1127 1517 1283 1577 enim
1311 1516 1633 1598 prophetiae
1657 1520 1959 1579 veritatem
1984 1533 2204 1579 certam
2239 1521 2457 1582 habere

318 1628 548 1701 potest,
594 1615 772 1675 modo
802 1615 944 1674 sciat
977 1636 1107 1674 eam
1133 1613 1474 1695 praedictam
1513 1613 1687 1674 fuisse
1715 1626 2035 1698 antequam
2059 1619 2323 1678 evenerit
2342 1664 2358 1691 .,
2396 1629 2457 1678 et

319 1712 585 1794 ejusdem
614 1710 1005 1794 praedictionis
1031 1710 1256 1769 exitum
1286 1709 1481 1768 animo
1509 1711 1962 1793 contemplatur.
1997 1714 2146 1772 Cum
2183 1713 2456 1772 nonnulli

319 1809 509 1891 ipsam
539 1807 866 1890 prophetiae
893 1805 1340 1888 possibilitatem
1368 1806 1878 1888 impugnaverint,
1905 1809 2002 1868 alii
2022 1831 2161 1870 vero
2193 1811 2458 1888 ejusdem

321 1905 685 1988 probationis
721 1905 843 1964 vim
875 1913 1222 1986 oppugnent
1251 1901 1347 1963 vel
1377 1904 1545 1984 parvi
1574 1902 1842 1986 pendant
1864 1950 1879 1979 ,
1913 1906 2073 1987 quod
2099 1907 2247 1966 circa
2279 1908 2456 1966 mira-

322 2001 453 2060 cula
490 2001 823 2075 effecimus,
863 1999 925 2058 id
961 2001 1155 2081 ipsum
1194 1998 1596 2079 praestabimus
1639 2001 1787 2059 circa
1818 2001 2224 2083 prophetiam,
2260 2013 2456 2062 osten-

324 2095 521 2156 dendo
556 2095 816 2173 ejusdem
853 2093 1298 2176 possibilitatem
1320 2137 1335 2166 ,
1381 2103 1555 2174 atque
1592 2115 1887 2153 summam
1924 2096 2185 2173 ejusdem
2233 2099 2356 2158 vim
2395 2110 2455 2157 et

326 2191 644 2252 efficaciam
673 2189 749 2249 ad
776 2188 1163 2251 evincendam
1188 2186 1560 2249 divinitatem
1576 2190 2037 2271 supernaturalis
2061 2191 2452 2253 revelationis,

398 2384 465 2449 (l)
502 2384 643 2434 Cons.
681 2382 732 2432 S.
765 2382 934 2431 Thom.
972 2399 1027 2439 2,
1058 2399 1108 2430 2.
1139 2400 1188 2447 q.
1227 2397 1313 2446 171
1338 2416 1353 2443 ‚
1435 2391 1563 2430 notte
1580 2381 1630 2431 S.
1650 2381 1693 2430 J.
1715 2380 2209 2448 Dietion.phil08.art.
2235 2384 2456 2451 Prophe-

330 2478 418 2518 art.
460 2484 478 2515 1
518 2483 532 2515 ε
570 2465 852 2515 Dicendum
878 2502 891 2524 ‚
938 2463 1066 2529 quod
1102 2463 1356 2530 prophetia
1434 2465 1541 2513 ties.
1570 2463 1620 2512 Id
1636 2467 1788 2530 ipsum
1812 2467 1969 2531 ‚quod
1985 2465 2461 2527 Dumarsais‚innuit

323 2550 488 2619 primo
509 2556 555 2598 et
558 2546 909 2616 principaliter
925 2547 1145 2595 comi-stit
1169 2548 1225 2593 in
1239 2563 1354 2611 coq-

330 2635 541 2694 uitione,
573 2632 692 2697 quia
722 2629 946 2679 videlicet
967 2629 1211 2696 prophetoe
1246 2645 1359 2693 coq-

329 2722 540 2764 moccunt
556 2731 611 2763 ea
628 2749 643 2776 ,
673 2730 779 2778 quae
805 2721 917 2760 sunt
938 2710 1112 2778 procul
1126 2720 1171 2759 et
1182 2719 1360 2760 remota

333 2798 396 2848 ab
424 2798 680 2846 hominum
706 2796 1002 2860 coquitione,
1039 2804 1127 2844 etc.
1155 2793 1214 2843 Et
1239 2793 1358 2843 ibid.

335 2897 388 2944 q.
423 2877 518 2943 174
532 2915 548 2941 ,
583 2898 629 2928 a.
655 2894 684 2926 2
699 2916 714 2940 ‚
744 2878 829 2926 ubi
853 2887 943 2926 tres
972 2878 1139 2941 gradus
1163 2876 1362 2942 prophe-

336 2964 411 3010 tiae
440 2962 693 3026 distinguit.
725 2958 799 3007 Ab
833 2960 910 3007 hic
929 2960 1096 3008 tradita
1114 2959 1362 3024 prophetiae

339 3046 533 3094 notione
563 3044 747 3092 recessit
787 3041 1056 3089 incredulus
1098 3040 1362 3089 Dumarsais

340 3128 393 3176 in
416 3143 497 3174 sua
543 3123 762 3189 Analyse
794 3122 851 3171 de
898 3121 947 3170 la
980 3121 1185 3186 reliqion
1229 3121 1361 3169 chre-

343 3209 507 3256 tiemze
527 3245 541 3268 ‚
569 3206 651 3256 ubi
678 3205 835 3255 scribit
856 3221 1020 3253 veram
1039 3204 1360 3270 siqnificatio·-

344 3305 457 3337 nem
481 3288 723 3356 prophetoe
754 3303 851 3336 esse
881 3286 1249 3353 praedicatorem
1278 3294 1365 3334 aut

345 3372 629 3424 hortatorem
643 3393 665 3437 ‚·
705 3372 785 3423 sed
813 3372 943 3438 ,bene
976 3371 1163 3439 vapulat
1182 3388 1207 3420 a
1237 3370 1366 3420 Non-

1438 2545 1688 2607 Salvador,
1710 2550 1760 2595 in
1787 2566 1867 2596 sua
1897 2547 2118 2597 Histoire
2142 2550 2222 2598 des
2244 2551 2455 2599 institut.

1438 2630 1495 2677 de
1528 2630 1690 2678 Mo'ise
1727 2639 1772 2678 et
1800 2630 1867 2679 du
1892 2631 2067 2697 peuple
2097 2631 2293 2690 hebrea,
2334 2632 2456 2682 Paris

1446 2709 1593 2772 1828,
1622 2714 1704 2762 liv.
1734 2731 1770 2760 11
1794 2751 1806 2773 ,
1840 2714 1973 2770 chan.
2008 2714 2059 2763 3.
2105 2713 2340 2762 Oraeeurs
2359 2732 2457 2780 pu-

1439 2793 1557 2842 blice
1582 2811 1645 2842 ou
1666 2795 1929 2861 Prophetes
1950 2834 1963 2857 ‚
1981 2814 2087 2862 pag.
2119 2813 2209 2863 192
2229 2807 2274 2846 et
2299 2814 2455 2863 seqq.;

1441 2877 1523 2924 ubi
1556 2878 1675 2925 nihil
1704 2880 2052 2943 supernaturale
2086 2883 2135 2927 in
2161 2881 2271 2944 ipsis
2294 2898 2458 2944 agnos-

1443 2962 1502 3007 cit
1517 2997 1529 3020 ‚
1551 2960 1737 3008 nullum
1753 2963 2025 3009 vaticinium
2049 2963 2231 3026 proprie
2260 2963 2456 3023 dictum,

1445 3044 1559 3108 quin
1582 3045 1734 3107 potius
1760 3060 1949 3091 omnem
1985 3044 2274 3107 prophetiam
2303 3044 2459 3093 exclu-

1444 3123 1531 3172 dit.
1555 3123 1650 3173 Nec
1675 3126 1845 3172 mirum
1866 3162 1880 3185 ‚
1914 3141 2023 3173 cum
2049 3124 2076 3173 J
2082 3126 2240 3174 udaeus
2262 3128 2344 3175 iste
2363 3144 2461 3174 non

1444 3207 1623 3255 refricet
1647 3208 1734 3255 nisi
1762 3205 1974 3271 Spinozae
2010 3210 2233 3274 principia
2265 3219 2309 3256 et
2336 3209 2458 3257 deis-

1445 3297 1600 3337 tarum
1623 3304 1710 3337 nec
1724 3306 1821 3337 non
1851 3292 2160 3340 recentiorum
2181 3291 2461 3340 biblicorum

1448 3380 1493 3421 et
1518 3371 1919 3421 rationalistarum.
