2554 4140
298 133 416 194 136

980 153 1052 190 DE
1096 152 1247 191 VERA
1288 153 1411 191 REL.
1465 154 1598 192 Anv.
1648 154 1801 194 INCR.

285 280 573 354 parentes
595 269 747 348 filiis
770 272 890 349 pia
932 270 1344 331 dominatione
1381 275 1697 351 proeponis
1713 297 1739 346 ,-
1776 282 1840 332 tu
1870 275 2181 352 fratribus
2211 279 2442 356 fratres

296 371 609 449 reliqionis
647 368 891 425 vinculo
922 369 1195 446 firmiore
1243 390 1431 447 quam
1474 372 1797 447 sanquinis
1836 375 2057 437 nectis3
2095 381 2164 430 tu
2205 394 2443 432 omnem

288 466 530 546 generis
535 467 1057 542 propinquitatem
1075 474 1132 521 et
1146 464 1458 542 affinitatis
1475 469 1876 524 necessitatem
1889 509 1911 537 ‚
1937 470 2188 526 servatis
2202 480 2444 527 naturoe

292 562 737 639 voluntatisque
766 561 1026 618 neribus
1039 602 1059 631 ,
1096 571 1316 619 mutua
1339 561 1637 620 charitate
1660 564 2061 641 constrinqis5
2086 572 2153 620 tu
2176 562 2444 623 dominis

292 677 518 732 servos,
556 678 680 715 non
702 666 827 715 tam
851 657 1215 715 conditionis
1238 664 1614 730 necessitate,
1655 680 1843 737 quam
1870 659 2046 736 officii
2066 658 2446 718 delectatione

292 754 459 813 doces
473 753 777 811 adhaerere
788 776 807 819 ;
821 763 887 811 tu
907 753 1182 811 dominos
1197 757 1383 811 servis
1397 758 1632 813 summi
1646 756 1763 813 Dei
1778 799 1793 828 7
1819 757 2161 813 communis
2178 755 2443 827 domini,

291 852 768 912 consideratione
804 852 1137 930 placabiles
1165 860 1223 908 et
1252 851 1339 908 ad
1371 853 1811 910 consulendum
1841 873 2031 931 quam
2066 852 2153 909 ad
2182 873 2446 911 coercen-

294 949 445 1007 dum
474 951 899 1027 propensiores
927 949 1129 1025 facis3
1166 957 1234 1004 tu
1270 950 1425 1004 cives
1471 949 1746 1023 civibus7
1791 959 1858 1006 tu
1886 958 2084 1028 flentes
2120 949 2404 1027 yentibus
2420 990 2444 1020 ,

291 1066 366 1104 ac
370 1065 631 1124 prorsus
640 1044 906 1101 homines
923 1042 1278 1100 bominibus
1284 1045 1459 1120 prim
1467 1062 1645 1100 orum
1651 1055 1990 1122 pare-ntum
2006 1044 2443 1115 recordatione,

289 1162 415 1200 non
438 1144 707 1199 societate
728 1148 1005 1210 tantum,
1030 1139 1135 1197 sed
1152 1139 1426 1217 quadam
1455 1142 1641 1196 etiam
1667 1141 2058 1217 fraternitate
2079 1144 2401 1219 conjunqis
2415 1163 2443 1213 ‚-

291 1239 459 1297 doces
486 1236 676 1315 Reqes
694 1240 1038 1315 prospicere
1055 1238 1340 1313 populis,
1377 1255 1580 1293 mones
1598 1236 1860 1314 populos
1890 1257 1948 1293 se
1981 1236 2231 1294 subdere
2256 1236 2446 1316 Reyi-

290 1340 465 1393 bus...
481 1377 494 1390 .

549 1332 902 1404 ostendens,
946 1331 1460 1411 quemadmodum
1502 1341 1558 1389 et
1607 1352 1729 1390 non
1775 1331 2061 1391 omnibus
2105 1334 2351 1408 omnia,
2393 1342 2450 1390 et

290 1430 578 1490 omnibus
606 1429 878 1488 charitas
905 1439 959 1487 et
984 1429 1148 1487 nulli
1173 1429 1467 1487 debeatur
1493 1431 1762 1507 injuria.

377 1525 518 1585 336.
563 1527 699 1585 Jam
739 1546 880 1586 vero
925 1524 1220 1605 religionis
1259 1535 1554 1604 systema,
1599 1525 1663 1582 in
1703 1522 1977 1582 omnibus
2020 1524 2138 1582 suis
2180 1520 2445 1603 partibus

292 1644 534 1706 prorsus
585 1620 1091 1681 absolutissimum
1115 1666 1132 1695 ‚
1170 1620 1333 1703 quod
1365 1621 1430 1679 in
1473 1619 1928 1680 admirationem
1973 1621 2064 1679 sui
2100 1620 2297 1702 rapuit
2348 1619 2445 1680 vel

290 1721 450 1804 ipsos
476 1719 771 1800 religionis
796 1718 1228 1778 infensissimos
1258 1717 1457 1778 hostes
1493 1717 1583 1799 (1)
1606 1763 1622 1792 7
1655 1715 1819 1798 quod
1850 1717 1931 1775 ita
1959 1737 2292 1776 connexum
2320 1727 2442 1792 est,

364 1928 430 1994 (1)
461 1926 637 1978 Auctor
654 1925 992 1995 Epistularum
1012 1928 1326 1994 persicarum

291 2022 449 2078 aperte
490 2013 666 2061 fatetur
713 2011 908 2060 moralia
940 2011 1164 2076 evangelii
1208 2028 1325 2077 prae-

292 2105 424 2159 cepta
454 2094 638 2142 infinite
676 2104 890 2159 praestare
922 2095 977 2141 iis
997 2131 1010 2155 ,
1044 2111 1146 2160 quae
1177 2112 1204 2142 a
1251 2112 1324 2142 sa·-

290 2178 594 2243 pientissimis
619 2179 760 2224 totius
787 2178 1087 2243 antiquitatis
1113 2174 1324 2241 philoso-

294 2259 401 2325 phis
428 2259 595 2308 tradita
635 2259 821 2308 fuerant
844 2297 857 2321 ‚
890 2270 1030 2326 atque
1064 2260 1323 2324 perfectum

295 2359 395 2393 esse
414 2342 746 2408 philosophum
763 2378 777 2404 ‚
803 2344 884 2409 qui
901 2345 958 2390 sit
975 2360 1077 2391 vere
1097 2341 1323 2391 Christia-

295 2443 405 2474 nus.
444 2424 473 2473 J
481 2415 577 2475 ‚-J‚'
610 2425 847 2474 Rousseau
882 2442 896 2473 ε
945 2423 1322 2490 Scripta-rarum

294 2509 549 2574 majestate
565 2546 577 2568 ‚
606 2510 765 2574 inquit
786 2546 799 2568 ‚
838 2507 998 2573 fateor
1023 2509 1078 2555 in
1102 2508 1323 2558 admira-

291 2592 469 2639 tionem
483 2608 560 2639 me
573 2591 725 2641 trahi.
743 2590 794 2638 E
796 2591 1007 2657 vanqelii
1021 2592 1325 2640 sanctitatem

292 2663 468 2722 intimo
497 2674 705 2739 quodam
721 2675 882 2722 animi
906 2692 1053 2723 sensu
1067 2677 1286 2742 percipio
1306 2692 1320 2739 3

289 2756 447 2806 videte
457 2757 856 2825 pbilosophorum
883 2758 1033 2807 libros
1056 2776 1166 2807 cum
1189 2760 1323 2807 omni

289 2857 382 2889 sua
412 2857 631 2908 pompa,
668 2858 815 2907 quam
852 2844 1024 2908 exiqui
1056 2841 1135 2890 illi
1167 2850 1317 2905 sunt,

290 2924 341 2971 si
365 2939 476 2970 cum
505 2924 591 2972 boc
621 2925 953 2990 conferantur.
985 2926 1192 2974 Fierine
1228 2942 1321 2992 po-

292 3014 383 3053 test
414 3043 427 3065 ,
467 3015 523 3054 ut
566 3006 689 3055 liber
734 3008 960 3057 sublimis
1007 3009 1124 3058 adeo
1173 3007 1324 3057 simul

295 3097 341 3137 et
369 3088 573 3155 simplex
607 3106 729 3155 opus
762 3090 1033 3139 humanum
1069 3094 1135 3140 sit
1162 3095 1187 3139 Ρ
1227 3091 1319 3140 Sed

292 3181 473 3236 praestat
495 3176 681 3238 proprio
705 3173 931 3223 idiomate
959 3178 1058 3242 ejus
1086 3193 1218 3224 sensa
1249 3193 1320 3223 re-

289 3254 444 3315 ferre,
474 3271 580 3321 quae
613 3255 753 3304 talem
786 3256 1059 3323 eloquentiae
1085 3260 1182 3306 vim
1219 3274 1315 3323 prae

292 3355 342 3387 se
367 3338 556 3398 ferunt,
587 3348 639 3386 ut
668 3356 719 3387 ea
751 3340 895 3388 latine
925 3343 1118 3405 exprimi
1151 3341 1317 3389 admo-

289 3421 407 3470 dum
441 3420 631 3470 difficile
663 3423 719 3468 sit
749 3438 763 3469 τ
804 3420 863 3470 Je
883 3439 1001 3471 vous
1034 3440 1212 3481 avone,
1246 3427 1320 3473 in-

291 3506 423 3570 quit,
454 3520 545 3569 que
561 3502 606 3550 la
623 3504 819 3570 majeste
846 3505 926 3552 des
953 3509 1185 3555 ecritures
1209 3506 1319 3556 m'e·

283 3595 431 3636 tonne
449 3626 462 3650 ,
491 3586 540 3637 la
561 3588 765 3636 saintete
792 3588 849 3636 de
878 3587 1158 3655 l'Evanqz'le
1172 3591 1319 3657 parle

285 3668 317 3718 ὰ
332 3686 447 3719 mon
473 3685 621 3721 coeur.
652 3668 714 3719 V
705 3687 822 3736 oyez
847 3669 914 3720 les
936 3671 1081 3721 liores
1099 3673 1179 3722 des
1197 3673 1317 3740 phi-

1411 1926 1627 1994 losophes
1643 1961 1659 1987 ,
1690 1942 1803 1975 avec
1834 1934 1960 1974 toute
1977 1923 2084 1974 leur
2095 1941 2270 1992 pompe
2294 1922 2445 1989 qu'ils

1410 2018 1518 2058 sont
1531 2011 1679 2075 petits
1694 2010 1808 2075 pres
1834 2008 1891 2057 de
1914 2006 2121 2057 celui-la
2138 2009 2159 2056 .'
2180 2006 2243 2056 Se
2252 2006 2445 2074 peut-il

1411 2092 1570 2159 qu'un
1602 2093 1723 2141 livre
1749 2094 1780 2141 ἀ
1821 2092 1866 2141 la
1889 2094 1988 2158 fois
2020 2095 2068 2141 si
2099 2092 2303 2141 sublime
2331 2101 2376 2141 et
2399 2094 2446 2140 si

1410 2175 1586 2242 simple
1625 2177 1717 2223 soit
1759 2173 2005 2240 l’ouvraqe
2055 2175 2138 2222 des
2191 2174 2400 2222 hommes
2417 2179 2444 2221 ?

1412 2258 1597 2321 (Emile
1627 2296 1640 2318 ‚
1681 2259 1770 2306 loc.
1824 2257 2195 2322 cit.).1terum
2235 2275 2344 2306 vero
2388 2259 2439 2304 in

1409 2340 1576 2407 Epist.
1594 2357 1648 2389 111
1661 2357 1719 2388 ex
1734 2341 1977 2388 montibus
1993 2339 2108 2388 data
2132 2378 2145 2400 ‚
2169 2340 2440 2404 evangelicae

1410 2425 1600 2473 moralis
1629 2423 2028 2490 pulchritudinem
2050 2462 2063 2483 ‚
2112 2426 2404 2471 sanctitatem
2423 2460 2436 2483 ‚

1409 2511 1671 2569 veritatem,
1690 2507 2058 2572 profunditatem
2078 2509 2139 2554 ita
2157 2507 2331 2555 extollit
2348 2525 2441 2573 prae

1410 2592 1628 2640 doctrina
1645 2590 2030 2656 philosophorum
2055 2627 2068 2651 ‚
2097 2600 2148 2637 ut
2170 2590 2294 2638 hanc
2318 2607 2440 2656 saepe

1411 2674 1647 2722 erroribus
1695 2676 2053 2722 contaminatam
2104 2674 2228 2722 dicat
2250 2711 2263 2734 ‚
2308 2674 2436 2722 illam

1408 2776 1518 2807 vero
1561 2774 1705 2805 unam
1751 2773 1853 2806 esse
1893 2757 2171 2817 confirmet,
2225 2772 2331 2823 quae
2378 2759 2436 2804 sit

1409 2858 1596 2908 semper
1627 2850 1764 2903 tuta,
1822 2857 2010 2906 semper
2053 2856 2167 2888 vera
2188 2876 2201 2897 ‚
2250 2856 2437 2906 semper

1407 2926 1560 2973 uinea
1575 2963 1587 2985 ‚
1610 2924 1710 2972 sibi
1728 2940 1914 2990 semper
1925 2930 2163 2972 constans.
2183 2922 2298 2970 Inde
2326 2940 2435 2971 vero

1407 3007 1648 3057 concludit
1669 3008 1786 3056 adeo
1824 3016 1999 3055 certam
2026 3006 2150 3054 hanc
2170 3022 2266 3054 esse
2295 3015 2436 3072 atque

1405 3090 1718 3158 infallibilem
1741 3091 1912 3138 divinae
1931 3089 2221 3138 revelationis
2248 3099 2428 3149 notam,

1405 3187 1457 3224 ut
1492 3177 1582 3225 alio
1612 3175 1742 3223 nullo
1776 3192 1892 3240 opus
1936 3177 1994 3221 sit
2029 3174 2101 3222 vel
2154 3176 2336 3222 criterio
2363 3173 2435 3221 vel

1404 3270 1690 3323 argumento.
1707 3257 1817 3323 Quae
1835 3258 2026 3323 quidem
2045 3263 2274 3321 postrema
2297 3255 2432 3305 verba

1404 3352 1537 3391 caute
1559 3340 1825 3406 accipienda
1857 3350 2001 3404 sunt3
2029 3344 2085 3389 iis
2115 3342 2288 3407 quippe
2310 3338 2433 3387 abu-

1408 3435 1574 3473 tuntur
1610 3423 1902 3471 rationalistae
1934 3461 1947 3483 ‚
1996 3426 2078 3490 qui
2119 3440 2227 3471 cum
2273 3423 2431 3469 omnia

1407 3506 1779 3571 supernaturalia
1798 3506 2010 3572 rejiciant
2028 3505 2250 3554 miracula
2271 3541 2283 3564 ‚
2303 3506 2427 3552 vati-

1404 3592 1525 3639 cinia
1542 3626 1556 3650 ‚
1593 3599 1705 3649 etc„
1731 3589 1847 3637 hinc
1871 3589 1983 3637 huic
2013 3591 2197 3637 interno
2215 3588 2396 3635 criterio
2413 3623 2427 3647 ‚

1404 3682 1456 3721 ut
1483 3681 1678 3734 vocant,
1707 3674 1846 3721 unice
1873 3673 2126 3730 insistunt,
2159 3678 2311 3718 cetera
2332 3682 2430 3718 res-
