2554 4140
319 105 436 168 154

955 129 1024 167 DE
1066 127 1220 169 VERA
1263 132 1390 170 nm..
1443 131 1580 171 Anv.
1626 130 1781 171 mcu-

320 294 387 333 ac
418 294 524 354 per
559 270 802 332 insidias
843 270 1154 333 catholicos
1193 273 1410 358 ubique
1447 277 1604 352 fere,
1645 275 1839 358 quoad
1871 289 2150 359 potuere,
2188 284 2459 347 insectati

318 378 458 427 sunt
503 378 680 448 atque
722 367 1106 429 insectantur.
1157 371 1213 429 Si
1251 373 1628 432 conferantur
1672 394 1806 431 eum
1845 373 2195 453 Catholicis,
2241 383 2340 462 qui
2383 381 2459 441 ab

326 463 613 523 haereticis
651 475 753 522 aut
790 466 1045 524 sectariis
1080 467 1372 527 interfecti
1413 481 1552 528 sunt
1574 515 1589 544 ἦ
1629 469 1919 542 victimae.
1956 481 2024 530 ut
2054 472 2168 554 ipsi
2207 489 2453 552 vocant,

318 558 728 619 haereticorum
769 562 1003 642 penitus
1040 577 1397 624 evanescunt
1425 566 1535 645 (1).

403 654 544 715 364.
594 656 680 715 Ad
697 656 781 715 [ιω
800 703 815 732 ,
845 659 1003 717 Dist.
1034 660 1238 733 Quoad
1262 681 1526 720 errorum
1550 662 1993 745 inquisitionem
2012 709 2027 738 ‚
2059 686 2244 734 cone.;
2267 668 2459 749 quoad

317 750 701 812 inflictionem
740 775 1094 836 poenarum,
1135 778 1263 835 neq.
1320 757 1657 818 Tribunalia
1712 761 1874 819 enim
1933 762 2332 842 inquisitionis
2383 764 2460 824 ad

319 848 497 908 fidem
538 850 955 910 intemeratam
996 851 1351 911 servandam
1397 853 1464 912 in
1511 876 1739 915 errores
1775 857 2125 938 inquirunt,
2172 880 2248 918 ne
2284 860 2463 918 ceteri

320 946 689 1021 inficiantur3
739 947 877 1022 sed,
936 969 1208 1029 processu
1252 948 1553 1025 confect0‚
1608 972 1735 1011 reos
1788 952 1863 1010 ad
1913 953 2104 1012 saeculi
2150 954 2463 1014 tribunalia

320 1042 669 1116 dimittunt3
713 1042 837 1102 haec
883 1064 1058 1124 porro
1097 1044 1167 1101 iis
1210 1042 1435 1122 legibus
1478 1044 1634 1126 ipsos
1678 1045 2029 1124 subjiciunt,
2088 1071 2214 1130 quae
2265 1052 2328 1109 in
2368 1072 2465 1110 eos

321 1140 655 1198 constitutae
683 1148 840 1198 sunt.
874 1138 968 1196 Nil
999 1138 1248 1220 proinde
1281 1160 1601 1200 commune
1642 1140 1824 1201 habet
1861 1144 2108 1204 Ecclesia
2145 1167 2279 1205 cum
2308 1150 2464 1224 ejus—

322 1234 483 1294 modi
515 1235 728 1317 poeniS.
770 1235 1066 1316 Principes
1103 1256 1243 1295 vero
1286 1234 1418 1294 laici
1460 1234 1593 1295 ideo
1636 1235 1766 1295 illas
1809 1258 2015 1319 poenas
2056 1240 2119 1298 in
2163 1241 2464 1301 haereticos

321 1332 588 1398 tulerunt
610 1379 626 1409 7
668 1334 802 1416 quia
833 1334 1196 1416 experientia
1235 1332 1426 1392 edocti
1455 1345 1626 1410 sunt,
1668 1334 1971 1394 neminem
2017 1335 2154 1396 fidei
2190 1338 2289 1398 >vel
2326 1339 2467 1397 reli—

322 1431 476 1511 gioni
512 1429 737 1490 bellum
775 1433 1064 1501 movisse,
1113 1431 1214 1512 qui
1260 1429 1435 1489 simul
1483 1430 1853 1490 machinatus
1898 1453 2022 1490 non
2065 1433 2140 1491 sit
2185 1433 2465 1495 adversus

325 1548 574 1607 regnum
603 1527 715 1608 (2).
743 1526 856 1587 Sed
883 1538 943 1587 et
966 1526 1060 1586 his
1090 1525 1526 1587 observandum
1563 1539 1682 1604 est,
1717 1526 2035 1587 tribunalia
2067 1520 2464 1612 Inquisitionis

394 1764 461 1829 (l)
477 1763 706 1812 Dominus
722 1762 1050 1822 Prodhomme,
1067 1766 1117 1812 in
1132 1782 1212 1813 sua
1228 1763 1292 1812 H
1289 1765 1352 1812 is-

328 1848 461 1895 toria
486 1846 767 1895 delictorum
800 1848 931 1895 inter
951 1846 1140 1895 rebelles
1165 1856 1347 1908 motu-8,

322 1933 417 1997 jam
451 1930 509 1978 ab
549 1948 673 1979 anno
712 1928 840 1998 1796
867 1941 1074 1979 recenset
1100 1949 1235 1996 supra
1262 1931 1351 1978 du-

325 2024 520 2062 centena
534 2013 680 2061 millia
701 2016 993 2062 victimarum
1007 2024 1119 2063 tunc
1135 2016 1352 2079 temporis

326 2098 743 2161 interemptarum3
786 2099 907 2145 inter
933 2115 1080 2162 quae,
1125 2107 1352 2163 quotquot

326 2177 488 2226 haberi
508 2190 757 2243 potuerunt
777 2180 1034 2229 sacerdotes
1052 2190 1095 2229 et
1114 2181 1346 2246 religiosi,

327 2261 614 2310 truculenter
628 2265 814 2311 mactati
832 2274 958 2312 sunt.
975 2263 1117 2314 Cons.
1140 2275 1351 2327 praeterea

330 2343 386 2391 H
387 2345 559 2392 istoria-
576 2342 906 2393 Jacohinismi
928 2345 1121 2394 Abbatis
1141 2345 1350 2406 Bai-rael,

328 2445 382 2476 ex
401 2446 493 2493 qua
523 2428 697 2493 patebit
717 2465 729 2486 ‚
747 2431 940 2494 quinam
961 2429 1132 2477 fuerint
1152 2429 1350 2478 effectus

328 2509 481 2558 civilis
495 2510 684 2558 culturas
700 2510 875 2577 absque
885 2511 1013 2559 cultu
1032 2550 1044 2570 ‚
1070 2530 1211 2578 quam
1231 2513 1348 2560 adeo

328 2593 507 2642 extollit
528 2591 685 2642 Abbas
698 2594 755 2643 de
777 2593 935 2643 Pradt.
956 2595 1091 2660 Quod
1118 2598 1280 2644 attinet
1295 2597 1353 2645 ad

326 2677 559 2725 haereticos
580 2715 593 2738 ‚
611 2680 787 2726 omissis
808 2680 1065 2727 innumeris
1088 2678 1349 2727 documen-

329 2763 418 2820 tis,
456 2778 514 2809 ex
546 2761 718 2827 quibus
736 2772 892 2826 patet,
912 2779 1057 2828 quam
1085 2763 1355 2810 immaniter

329 2846 381 2890 in
401 2842 667 2892 Catholicos
693 2846 922 2893 saevierint
952 2845 1044 2892 fere
1075 2844 1353 2910 quovisloco

330 2936 375 2974 et
396 2927 545 2991 quoad
564 2937 814 2990 potuerunt
829 2964 842 2990 ‚
864 2931 973 2975 satis
989 2928 1116 2974 sitin
1146 2927 1354 2974 medium

329 3009 559 3056 adducere
582 3046 594 3067 ‚
618 3027 719 3074 quae
750 3011 800 3057 in
831 3011 927 3057 sola
947 3008 1113 3074 Anglia
1144 3009 1231 3057 sub
1261 3008 1356 3057 Eli-

331 3090 523 3139 sabetha
541 3092 756 3140 adversus
785 3091 1049 3140 Catholicos
1087 3102 1351 3157 patrarunt.

333 3172 528 3239 Styrpe,
563 3185 725 3223 auctor
756 3185 1012 3239 protestans
1034 3213 1047 3236 ‚
1085 3175 1226 3223 refert
1256 3174 1354 3223 Eli·

332 3256 575 3304 sabetham
604 3257 797 3322 singulis
820 3260 947 3321 regni
974 3260 1045 3306 sui
1070 3259 1204 3307 annis
1219 3275 1354 3323 super

330 3336 430 3388 500
449 3338 713 3388 Catholicos
734 3342 1048 3402 interemisse,
1080 3359 1168 3389 nec
1196 3352 1353 3389 tamen

332 3432 602 3470 contentam
634 3422 811 3485 suisse3
842 3426 1052 3487 regnavit
1082 3434 1240 3472 autem
1267 3441 1349 3471 an·

332 3508 406 3553 nis
427 3522 525 3552 xtv.
548 3503 705 3552 Romae
726 3521 855 3552 anno
890 3502 1016 3570 1584
1045 3507 1215 3570 prodiit
1235 3523 1350 3571 opus

330 3587 470 3636 Joan.
499 3587 630 3653 Bapt.
657 3586 882 3635 Cavalleri
905 3626 919 3652 ‚
941 3591 1022 3654 qui
1055 3589 1214 3638 lineari
1243 3607 1349 3654 pec-

333 3680 433 3717 tura
466 3673 684 3735 expressit
725 3670 949 3736 supplicia
977 3668 1038 3719 ad
1074 3672 1348 3720 cruciandos

1439 1762 1702 1831 Catholicos
1732 1763 1962 1813 adhibita.
1980 1763 2101 1813 Cum
2113 1765 2217 1813 haec
2236 1767 2463 1830 pictarum

1437 1847 1703 1895 tabularum
1738 1847 1947 1896 collectio
1977 1849 2027 1895 in
2058 1847 2209 1896 lucem
2241 1847 2416 1913 prodiit
2446 1884 2461 1909 ,

1437 1930 1699 1979 Elisabetha
1727 1932 1807 1979 vix
1834 1946 1875 1976 u
1896 1932 2038 1978 aetatis
2061 1947 2241 1978 annum
2267 1933 2466 1996 attinge-

1435 2013 1531 2062 bat.
1566 2012 1690 2078 Quid
1739 2014 1915 2061 factum
1956 2030 2051 2061 non
2084 2024 2153 2062 est
2196 2013 2283 2062 sub
2332 2012 2464 2062 Hen-

1436 2100 1533 2145 rico
1562 2111 1679 2156 vm,
1712 2099 1815 2162 ejus
1839 2106 1967 2161 patre
1987 2133 2000 2156 ‚
2030 2106 2081 2145 et
2113 2096 2332 2161 deinceps
2353 2114 2379 2144 a
2397 2113 2467 2145 se-

1438 2179 1689 2246 quentibus
1723 2179 1941 2244 regibus!
1979 2178 2197 2228 Attamen
2223 2180 2280 2227 de
2310 2179 2382 2226 his
2403 2194 2463 2226 ne

1439 2279 1561 2310 unus
1589 2262 1780 2327 quidem
1815 2279 1869 2310 ex
1902 2261 2155 2310 incredulis
2184 2261 2335 2309 hiscit.

1506 2344 1579 2408 (2)
1611 2342 1754 2391 Cons.
1790 2343 1975 2409 Bergier
1994 2382 2006 2403 ‚
2042 2341 2175 2392 Dict.
2205 2343 2260 2391 de
2290 2342 2460 2392 Theol.

1438 2436 1522 2474 art.
1570 2427 1904 2491 Inquisition;
1947 2425 2038 2473 Ab.
2083 2424 2289 2492 Vayrai,
2340 2423 2466 2473 Etat

1430 2511 1627 2574 present
1639 2507 1697 2555 de
1709 2505 2290 2574 l’Eepaqne‚Amsterdam
2318 2524 2333 2554 1
2346 2524 2372 2572 7
2388 2523 2462 2574 ¹93

1439 2588 1622 2651 FeUer,
1663 2590 1803 2639 Dict.
1845 2591 1983 2639 hist..
2026 2600 2116 2639 art.
2158 2589 2420 2639 Limborch
2447 2627 2460 2649 ‚

1439 2673 1682 2737 Isabell33
1733 2673 1803 2723 De
1848 2673 2036 2723 Maistre
2057 2711 2071 2731 ‚
2112 2674 2274 2722 Lettre
2320 2674 2350 2721 a*
2393 2688 2464 2720 tm

1436 2752 1773 2822 yentilhomme
1790 2774 1925 2805 rasse
1937 2774 2023 2805 sur
2035 2753 2374 2822 l'Inquisz'tion
2393 2772 2467 2802 es-

1431 2839 1638 2906 paynole
1654 2879 1667 2903 ,
1687 2843 1935 2905 praesertim
1950 2859 1994 2906 p.
2012 2838 2079 2907 89
2097 2846 2144 2888 et
2159 2857 2292 2906 seqq.
2315 2839 2463 2887 Elisa-

1439 2924 1580 2972 betha
1611 2925 1820 2972 instituit
1847 2923 2209 2989 inquisitionem
2245 2922 2463 2971 adversus

1442 3004 1703 3056 Catholicos
1747 3007 1834 3055 sub
1858 3008 2052 3055 nomine
2095 3004 2462 3053 Commissionis

1441 3092 1575 3157 longe
1611 3089 1931 3139 terribiliorem
1960 3089 2184 3138 tribunali
2212 3088 2461 3152 Hispania-

1440 3191 1567 3222 rum.
1614 3172 1841 3231 Cobbett,
1876 3171 1965 3236 Ep.
2011 3189 2083 3233 xi,
2122 3170 2170 3219 A
2197 3170 2382 3234 history
2413 3169 2473 3233 of

1437 3256 1514 3304 the
1534 3262 1804 3323 prote-stant
1831 3254 2001 3317 reform
2012 3256 2148 3301 ation
2168 3291 2181 3314 .,
2206 3263 2295 3301 etc.
2326 3270 2338 3314 ;
2371 3253 2460 3299 In-

1436 3340 1634 3405 quisitio
1680 3337 2050 3402 IIispaniarum
2069 3371 2084 3396 ‚
2140 3338 2295 3401 inquit
2324 3371 2337 3393 ‚
2395 3341 2462 3383 tot

1436 3422 1586 3471 coedee
1610 3437 1708 3469 non
1726 3421 1948 3485 patravit
1975 3437 2006 3468 a
2039 3435 2129 3467 sua
2155 3417 2460 3466 institutione

1434 3505 1500 3553 ad
1535 3504 1662 3552 hanc
1705 3520 1855 3568 usque
1906 3503 2064 3562 diem,
2098 3508 2209 3566 quot
2248 3497 2461 3563 sinqulis

1431 3589 1580 3635 annis
1611 3588 1749 3651 reqm'
1773 3587 1855 3634 sui
1874 3586 2013 3650 ferox
2033 3585 2123 3632 ista
2152 3583 2320 3646 reqina
2344 3597 2460 3646 pro-

1430 3678 1606 3718 testans
1627 3670 1892 3729 commisit3
1912 3684 2016 3735 quae
2042 3664 2235 3732 proinde
2259 3665 2423 3712 merito
2438 3699 2454 3724 ‚
