2554 4140
507 163 659 211 paor.
704 163 780 202 lx.
826 164 896 201 nr.
939 162 1187 200 rnornsr.
1233 162 1384 199 omer.
1434 162 1500 197 m·
1543 160 1700 217 succ,
2034 136 2152 195 315

133 307 273 366 240.
316 307 503 386 Atque
558 304 694 364 hinc
749 303 1048 385 responsio
1100 311 1264 381 patet
1306 301 1380 360 ad
1425 300 1486 359 id
1528 298 1687 381 quod
1742 296 1939 358 subdit
1994 297 2151 357 idem

56 413 255 461 auctor
298 401 370 460 de
412 402 672 459 Romano
712 398 989 458 Pontifice
1029 414 1094 453 ac
1137 393 1210 453 de
1255 395 1520 454 Conciliis
1562 393 1821 454 Ecclesiae
1862 391 2154 452 catholicae

58 494 430 554 rationalistis
452 540 468 569 .,
487 493 842 553 naturalistis
858 535 875 566 7
899 488 1278 572 phantasticis
1294 533 1312 564 ‚
1332 509 1401 548 eo
1417 488 1574 570 quod
1590 489 1958 548 definitiones
1976 486 2156 547 edant
2204 543 2209 546 .

54 613 162 672 per
177 589 617 670 inspirationem
632 585 1025 646 immediatam
1041 582 1164 640 sine
1181 582 1489 662 Scripturis
1506 593 1564 642 et
1579 595 1778 642 contra
1805 583 2151 663 Scripturas·

58 686 160 744 Cui
191 705 448 765 unquam
471 682 534 741 id
562 679 907 764 persuadere
930 675 1190 758 poterit?
1230 677 1546 756 Nunquam
1574 678 1840 736 Pontifex
1870 688 1971 736 aut
1998 676 2157 759 Con-

56 779 183 837 cilia
225 778 588 838 definitiones
626 773 760 832 fidei
798 771 984 832 edunt
1029 771 1142 829 nisi
1188 771 1250 829 in
1291 768 1471 833 verbo
1508 771 1615 829 Dei
1652 792 1759 830 seu
1796 771 2156 833 revelatione

55 872 252 933 divina
283 871 537 930 fundatae
557 913 574 944 ,
613 887 740 950 quae
777 867 1045 948 pervenit
1078 865 1152 924 ad
1190 887 1296 924 nos
1325 876 1454 924 tum
1485 885 1591 946 per
1625 865 1983 945 Scripturam
2024 878 2155 927 tum

53 989 160 1049 per
184 963 605 1042 traditionem(
635 963 710 1022 de
743 983 856 1044 qua
898 962 963 1020 in
1000 973 1251 1021 tractatu
1285 959 1359 1021 de
1398 959 1535 1030 locis
1566 958 1963 1039 theologicis);
2007 961 2157 1021 nihil

28 1063 176 1140 Vsive
201 1059 464 1119 Pontifex
489 1058 611 1119 sive
638 1056 891 1116 Concilia
921 1056 993 1116 de
1021 1078 1123 1115 suo
1146 1054 1499 1131 obtrudunt,
1529 1054 1632 1114 sed
1654 1065 1829 1114 testes
1853 1066 1992 1114 sunt
2017 1055 2157 1114 doc-

54 1156 259 1229 trinae,
317 1174 492 1235 quam
535 1152 797 1212 Christus
842 1152 1037 1212 docuit
1079 1163 1138 1212 et
1181 1150 1443 1234 Apostoli
1500 1149 1878 1210 tradiderunt
1906 1195 1923 1225 ,
1982 1161 2159 1233 prout

53 1270 226 1330 supra
259 1249 649 1330 exposuimus·
689 1246 859 1308 Aliud
895 1269 1072 1328 porro
1101 1258 1191 1307 est
1231 1246 1429 1308 divina
1468 1245 1843 1321 adsistentia‚
1883 1268 1997 1328 qua
2032 1246 2159 1306 suf—

51 1343 203 1403 fulta
237 1354 324 1403 est
357 1343 596 1403 Ecclesia
637 1347 801 1421 juxta
844 1341 1055 1401 Christi
1100 1342 1418 1423 promissa,
1462 1340 1620 1399 aliud
1666 1341 1765 1400 illa
1806 1340 2005 1401 divina
2043 1342 2160 1401 im·

55 1438 309 1497 mediata
328 1438 629 1520 inspiratio
648 1482 663 1512 .,
688 1436 764 1496 de
787 1456 900 1518 qua
925 1437 1182 1517 loquitur
1207 1436 1568 1498 adversarius
1589 1481 1606 1510 .,
1642 1457 1818 1517 quam
1850 1457 2160 1518 nunquam

56 1533 174 1594 sive
210 1533 477 1591 Pontifex
519 1524 931 1592 sive'Concilia
974 1531 1085 1589 sibi
1118 1531 1463 1607 vindicant,
1502 1553 1683 1612 quum
1722 1530 1984 1613 produnt
2022 1531 2159 1592 fidei

57 1626 447 1686 definitioneS.
482 1626 688 1687 Divina
719 1627 878 1687 enim
911 1626 1212 1708 inspiratio
1233 1612 1354 1685 non
1377 1611 1655 1685 tribuitur
1689 1648 1722 1684 a
1751 1625 2063 1686 Catholicis
2095 1627 2160 1685 in

52 1720 150 1795 iis,
179 1743 303 1802 quae
335 1721 408 1780 ad
446 1720 783 1800 religionem
811 1722 1140 1804 pertinent,
1178 1722 1290 1780 nisi
1316 1720 1719 1802 hagiographis
1759 1720 2157 1803 scriptoribus.

54 1814 184 1874 Sola
221 1815 415 1877 divina
443 1816 781 1875 adsistentia
803 1816 1082 1875 tribuitur
1102 1827 1232 1875 tum
1256 1818 1515 1875 Romano
1550 1816 1817 1875 Pontifici
1847 1838 1918 1876 ex
1958 1816 2158 1876 cathe-

53 1907 157 1968 dra
179 1954 195 1984 ,
233 1921 300 1968 ut
341 1915 504 1989 ajunt
526 1955 542 1985 ‚
589 1911 961 1987 decernenti,
1000 1923 1128 1970 tum
1171 1910 1430 1970 Ecclesiae
1467 1911 1589 1971 sive
1628 1910 1901 1993 dispersae
1937 1912 2060 1972 sive
2095 1912 2158 1971 in

53 2003 323 2063 Conciliis
344 2017 717 2086 congregatae,
753 2006 974 2067 Divinae
995 2018 1192 2067 autem
1214 2005 1567 2066 adsistentiae
1583 2008 1823 2067 nomine
1851 2007 2160 2087 designant

53 2098 214 2158 illam
242 2100 591 2180 peculiarem
621 2122 794 2183 opem
819 2102 1331 2183 atquespecialem
1364 2094 1796 2184 providentiam
1816 2146 1833 2176 .‚
1861 2123 1974 2183 qua
2003 2105 2158 2162 Deus

53 2195 132 2252 ita
158 2205 369 2275 praesto
392 2206 479 2254 est
508 2196 769 2256 Ecclesiae
789 2217 903 2257 suae
922 2241 938 2272 .,
964 2207 1030 2255 ut
1051 2219 1171 2256 non
1195 2198 1453 2278 patiatur
1474 2197 1634 2256 illam
1658 2198 1720 2256 in
1737 2218 1994 2257 errorem
2013 2198 2156 2272 labi,

55 2309 421 2371 quacumque
454 2290 692 2350 demum
730 2292 954 2350 ratione
992 2292 1055 2350 id
1086 2292 1383 2366 obtineatt,
1423 2294 1708 2353 verificari
1743 2295 1903 2353 enim
1937 2293 2158 2354 debent
2207 2352 2210 2354 ,

56 2383 267 2443 Christi
288 2385 442 2444 dicta
467 2409 483 2444 ι
519 2387 719 2445 Portae
740 2390 1070 2466 infhrimon
1086 2390 1511 2467 praevalebunt
1533 2390 1818 2449 adversus
1848 2411 1982 2448 eam
1999 2411 2021 2459 ;
2050 2401 2109 2450 et
2140 2411 2153 2447 :

52 2479 207 2539 Ecce
232 2502 329 2561 eqo
355 2483 661 2563 vobiscum
687 2505 821 2542 sum
842 2505 1027 2562 usque
1052 2485 1138 2542 ad
1157 2489 1721 2545 consummationem
1751 2488 1960 2547 soeczdi
1974 2534 1992 2557 ‚
2015 2485 2158 2546 alia-

55 2594 167 2654 que
191 2575 487 2653 ejusmodi.
517 2578 577 2635 Si
604 2577 967 2637 adversarius
992 2577 1221 2658 legisset
1244 2579 1567 2638 Concilium
1592 2580 2002 2639 Tridentinum
2023 2625 2039 2655 7
2069 2602 2157 2640 re-

56 2671 298 2746 perisset
318 2717 334 2745 7
360 2671 585 2729 nullum
613 2693 736 2731 esse
757 2673 894 2731 fidei
922 2674 1220 2731 decretum
1239 2717 1254 2745 ,
1284 2675 1349 2730 in
1385 2695 1500 2753 quo
1531 2696 1651 2732 non
1682 2675 2009 2734 referantur
2035 2685 2156 2734 tes-

60 2761 299 2824 timonia
333 2777 460 2825 tum
485 2787 555 2825 ex
581 2767 875 2848 Scriptura
906 2777 1033 2825 tum
1058 2787 1128 2827 ex
1155 2766 1469 2827 traditione
1500 2768 1862 2851 depromptav
1880 2770 1991 2850 (l).

127 2951 191 3014 (1)
226 2953 441 3002 Praeclare
455 2951 731 3004 Vincentius
748 2955 896 3006 Lirin.
913 2958 962 3005 in
978 2974 1061 3006 suo
1144 2968 1285 3007 antea
1309 2957 1592 3024 simpliciter
1605 2959 1883 3008 credebatur
1898 2997 1913 3021 ‚
1931 2959 2017 3009 hoo
2030 2960 2156 3008 idem

61 3032 411 3081 Commontorio
426 3070 441 3095 ,
460 3053 511 3083 n.
544 3035 605 3100 32
626 3072 640 3096 ,
661 3038 818 3085 scribit
839 3054 853 3086 ε
878 3037 1065 3086 Christi
1136 3049 1299 3106 postea
1314 3039 1596 3106 diliqentius
1613 3040 2008 3092 crederenturf’...
2025 3040 2077 3092 H
2079 3059 2153 3102 oo,

58 3131 165 3162 vero
183 3113 409 3166 Ecclesia
431 3153 444 3176 ‚
472 3116 637 3164 sedula
676 3126 721 3165 et
751 3129 892 3167 cauta
920 3119 1062 3186 depo·
1144 3123 1343 3187 inquam
1362 3159 1373 3180 ‚
1388 3140 1568 3188 semper
1583 3160 1596 3187 ‚
1620 3140 1705 3172 nec
1718 3126 1969 3189 quicquam
1981 3133 2156 3192 proete-

60 3197 261 3243 sitorum
298 3196 431 3263 apud
473 3215 521 3246 se
561 3198 832 3264 doqmatum
858 3211 1014 3250 custos
1044 3240 1058 3262 ‚
1145 3221 1240 3275 req,
1263 3205 1590 3253 hoeret‘e'corum
1613 3207 1908 3254 novitatibus
1926 3209 2153 3265 excitata,

57 3276 192 3325 nibil
218 3278 270 3326 in
296 3278 372 3326 lais
400 3297 616 3344 unquam
628 3292 900 3348 permutat,
933 3283 1066 3333 nihil
1150 3286 1475 3334 conciliorum
1491 3304 1686 3335 suorum
1713 3287 1908 3336 decretis
1922 3288 2155 3338 catholica

58 3362 269 3423 minuit,
310 3362 440 3410 nihil
475 3363 611 3413 addit
641 3402 654 3426 ‚
700 3382 798 3415 non
846 3376 1062 3433 amputat
1136 3368 1588 3435 perfecitEoclesia
1607 3406 1624 3434 ,
1652 3373 1755 3420 m'si
1779 3381 1832 3419 ut
1862 3371 1988 3438 quod
2012 3371 2157 3437 prius

56 3445 323 3493 necessaria
343 3482 357 3506 ,
411 3461 510 3494 non
545 3450 747 3514 apponit
786 3450 1026 3515 superflua
1046 3489 1059 3513 ‚
1145 3470 1176 3501 a
1215 3453 1477 3516 majoribus
1516 3452 1615 3502 sola
1650 3455 1910 3521 traditione
1938 3471 2155 3520 suscepe-

57 3541 154 3573 non
171 3527 351 3574 amittit
367 3544 482 3585 sua,
508 3544 607 3576 non
622 3531 1059 3597 usurpataliena...
1145 3543 1221 3583 rat
1251 3571 1265 3594 ‚
1311 3533 1396 3583 Ιιοο
1432 3534 1602 3584 deindo
1645 3539 1849 3602 posteris
1886 3531 2033 3584 etiam
2062 3553 2156 3602 per

57 3606 256 3673 denique
284 3610 402 3674 quid
417 3627 628 3676 unquam
649 3611 787 3662 aliud
819 3614 1062 3665 Concilio·
1144 3619 1392 3682 scripturoe
1418 3617 1787 3685 chiroqraphum
1833 3618 2150 3683 oonsiqnaret.

58 3704 164 3737 rum
190 3689 393 3740 decretis
426 3694 564 3742 enisa
600 3703 699 3756 est,
727 3697 833 3745 πίει·
861 3706 914 3746 ut
937 3698 1063 3763 quod
