2554 4140
418 177 541 215 CAP.
590 176 671 217 lv.
720 177 787 212 DE
831 174 1007 213 EXIST.
1056 174 1174 213 mv.
1219 176 1291 212 Ac
1334 173 1640 213 SUPBRNAT.
1688 174 1819 216 BEV.

2079 150 2189 211 131

64 319 332 379 homines
370 329 886 401 permoverentur,
918 326 1048 373 tum
1082 314 1158 373 ad
1188 335 1255 373 ea
1280 317 1608 376 executioni
1645 315 1982 375 mandanda
2012 360 2028 390 .,
2059 326 2192 375 tum

64 414 141 473 ad
168 437 228 474 se
264 413 646 474 retrahendos
670 434 703 471 a
733 408 1209 489 transgressione.
1240 409 1390 466 Cum
1428 411 1588 469 enim
1624 411 1890 493 plerique
1919 410 2098 471 rudes
2128 432 2192 471 ac

64 531 218 591 pene
246 508 477 568 barbari
505 509 772 568 homines
795 527 918 563 non
941 504 1078 562 satis
1111 523 1310 593 amore
1347 502 1664 563 illiciantur
1687 505 1764 564 ad
1787 507 2025 588 propria
2052 528 2190 565 mu·-

66 606 165 664 nia
190 605 461 664 obeunda
481 650 497 679 ,
535 602 805 662 Christus
829 610 890 658 et
917 598 1155 680 praemia
1180 597 1538 679 amplissima
1567 611 1743 680 atque
1776 613 1991 661 aeterna
2012 648 2026 677 .,
2058 623 2193 683 poe-

66 721 288 782 nasque
309 701 451 759 item
473 695 866 757 acerbissimas
889 706 1064 775 atque
1090 704 1334 752 aeternas
1361 714 1468 773 pro
1487 695 1710 753 meritis
1728 696 2182 779 uniuscujusque

66 795 389 876 proposuit.
433 793 581 850 Tum
617 789 871 871 denique
922 789 1317 870 Semetipsum
1363 799 1430 846 ut
1466 787 1962 849 absolutissimum
2001 794 2192 852 virtu-

67 900 197 948 tum
218 887 479 947 omnium
499 884 802 968 exemplar
824 884 900 944 ad
927 884 1283 943 imitandum
1312 882 1562 965 praebuit
1582 929 1597 956 .,
1625 884 1687 942 in
1719 896 1806 943 tot
1829 888 2151 966 praesertim
2174 931 2193 958 ,

68 982 277 1064 quibus
305 980 564 1062 undique
598 981 956 1063 premimur,
988 980 1266 1059 angustiis
1293 991 1470 1061 atque
1504 979 1955 1040 adversitatibus
1979 980 2192 1041 leniter

66 1075 350 1153 ferendiS,
385 1075 596 1158 quibus
624 1075 773 1135 nihil
808 1075 1092 1136 efficacius
1121 1074 1438 1156 excogitari
1465 1085 1659 1157 potest
1687 1076 1796 1155 (1).

142 1378 204 1441 (l)
241 1374 489 1424 Character
502 1373 756 1440 personalis
783 1358 955 1420 'Christi
979 1371 1092 1420 Jesu

74 1469 139 1508 est
167 1475 342 1506 novum
384 1465 708 1522 argumentum
746 1454 917 1502 divinae
949 1455 1093 1518 ipsius

74 1541 307 1588 missionis
321 1573 338 1600 ,
358 1538 483 1604 quod
503 1555 588 1585 nos
615 1536 805 1603 quidem
823 1538 1089 1601 proposuis-

74 1639 226 1670 semus
250 1621 469 1668 distincta
507 1620 816 1684 propositione
832 1651 848 1679 ,
865 1616 874 1629 ”
891 1620 980 1666 nisi
1008 1635 1092 1665 nos

72 1702 389 1750 absterruisset
442 1711 692 1766 conceptus
744 1702 883 1750 timor
936 1703 1093 1748 nimiae

73 1784 353 1848 prolixitatis
386 1785 435 1831 in
452 1782 823 1830 institutionibus
843 1782 1090 1847 sugiendae.

72 1865 370 1913 Remittimus
388 1875 628 1929 propterea
662 1865 891 1913 auditores
919 1874 1095 1912 nostros

74 1947 136 1995 ad
179 1947 620 1995 demonstrationem
663 1946 979 2011 evangelicam
1022 1945 1094 1996 cl.

76 2027 327 2089 Duvoisin‚
346 2027 743 2077 Demonstration
766 2028 1092 2094 evanqelique‚

74 2131 158 2178 par
203 2113 266 2161 M.
307 2113 355 2162 J.
396 2113 452 2161 B.
496 2112 757 2174 Duvoisin,
809 2113 998 2179 Eveque
1038 2114 1095 2162 de

74 2194 245 2242 Nautes
261 2233 273 2253 ‚
296 2194 421 2242 Paris
454 2190 582 2243 1826
602 2231 616 2254 ‚
644 2194 722 2243 ch.
746 2195 774 2243 3
800 2231 814 2254 ‚
843 2194 1096 2243 Caractere

75 2274 133 2323 de
181 2275 518 2324 Jews-Christ
534 2292 556 2336 ;
608 2293 696 2325 nec
736 2294 833 2325 non
872 2277 931 2325 ad
980 2294 1095 2342 opus

75 2357 141 2407 D.
170 2359 315 2424 Ayme
333 2394 348 2419 ‚
381 2359 474 2406 Les
501 2358 809 2406 Fondemens
830 2358 886 2407 de
914 2358 963 2407 la
988 2361 1064 2425 foi
1081 2382 1094 2399 ο

75 2440 199 2488 Paris
219 2478 231 2499 ‚
259 2439 406 2507 1775,
425 2452 535 2488 tom.
553 2457 589 2498 1,
609 2449 663 2487 ιιε
682 2444 848 2505 partie,
871 2458 975 2507 pag.
994 2439 1054 2505 41
1071 2458 1087 2489 ι

76 2532 120 2571 et
157 2539 286 2588 seqq.
312 2521 361 2570 Si
394 2521 519 2570 Deus
547 2522 756 2582 dederit,
785 2523 843 2571 de
882 2523 972 2571 hoc
996 2526 1096 2589 ipso

85 2613 355 2668 argumento
384 2603 495 2651 alibi
533 2621 732 2668 agemus,
776 2603 863 2652 Hic
902 2607 1005 2653 satis
1039 2609 1097 2655 sit

83 2687 133 2732 in
160 2685 366 2734 medium
403 2685 566 2734 afferre
592 2685 954 2749 vulgatissimum
990 2690 1096 2752 quie

82 2768 219 2828 dem,
254 2777 322 2815 ast
350 2785 460 2815 sane
489 2766 854 2831 pulcherrimum
900 2768 1056 2816 locum
1082 2806 1094 2827 ,

86 2851 137 2896 in
167 2867 260 2915 quo
289 2848 411 2899 J.-J.
438 2841 677 2896 Rousseau
718 2847 890 2897 Christi
926 2850 1097 2898 divini-

87 2940 226 2978 tatem
251 2948 306 2979 ex
339 2926 438 2997 ejus
463 2930 693 2994 personali
710 2931 966 2980 charactere
986 2949 1099 2980 con-

85 3011 230 3060 fessus
277 3022 345 3060 est
396 3028 410 3059 z
455 3010 622 3078 Quelle
669 3011 906 3070 douceur,
947 3012 1098 3078 quelle

81 3097 249 3158 purete
284 3093 408 3141 dam
449 3108 520 3141 ses
567 3110 747 3142 moeurs
773 3132 785 3154 ‚
831 3095 1090 3162 exclamat,

86 3174 238 3238 quelle
270 3176 411 3238 φάο-ο
452 3174 702 3224 tom-hante
742 3177 864 3224 dans
905 3194 979 3224 ses
1021 3179 1098 3225 in-

87 3258 377 3304 structions!
410 3255 578 3323 Quelle
608 3257 839 3306 elevatiora
876 3259 998 3307 dam
1029 3276 1101 3307 ses

88 3340 269 3385 maxim
276 3338 345 3384 es!
362 3338 526 3405 Quelle
534 3340 767 3405 profimde
783 3357 965 3404 saqesse
978 3341 1102 3390 dans

87 3437 160 3468 ses
175 3420 394 3468 discours
409 3423 430 3468 .'
453 3421 618 3487 Quelle
637 3428 865 3489 presence
881 3425 1099 3490 d'esprit,

87 3502 238 3567 quelle
256 3503 427 3565 finesee
448 3511 493 3550 et
506 3503 656 3567 quelle
656 3507 865 3571 justesse
891 3505 1019 3554 dans
1031 3522 1103 3554 ses

88 3587 330 3650 repenses!
351 3585 479 3652 Quel
489 3588 668 3650 empire
677 3604 764 3636 sur
773 3590 1102 3655 sespassions!

96 3665 179 3715 Οὐ
214 3676 282 3715 est
307 3667 549 3730 I'lzomme,
579 3669 642 3716 οὐ
667 3678 735 3717 est
761 3669 803 3719 le
844 3688 983 3737 saqe,
1021 3672 1105 3736 qui

1174 1372 1273 1419 saie
1299 1373 1413 1437 πρὶν
1426 1411 1444 1433 ,
1463 1373 1666 1439 souffrir
1685 1382 1729 1421 et
1757 1377 1949 1423 mour-ir
1963 1392 2079 1424 sans
2089 1376 2195 1442 fai-

1174 1452 1506 1502 messeanam
1521 1457 1843 1504 ostentation?
1865 1454 2051 1521 Quand
2074 1458 2194 1508 Pla-

1175 1542 1258 1582 ton
1278 1537 1426 1602 peint
1451 1552 1540 1583 son
1547 1538 1688 1602 juste
1723 1539 2019 1603 imaqinaire
2039 1576 2054 1599 ‚
2083 1557 2198 1589 cou-

1174 1626 1276 1665 vert
1306 1618 1363 1666 de
1402 1626 1504 1667 tout
1540 1617 1803 1685 l'opprobre
1831 1620 1898 1669 du
1944 1621 2120 1685 crime,
2156 1632 2201 1671 et

1176 1699 1321 1763 aliq-ne
1348 1699 1405 1746 de
1435 1709 1540 1748 tous
1571 1699 1636 1748 les
1653 1704 1775 1767 prix
1798 1702 1856 1750 de
1884 1703 1932 1750 Ia
1955 1713 2093 1752 verm
2111 1743 2124 1764 ‚
2164 1703 2203 1752 il

1171 1783 1448 1846 peinttrait
1460 1799 1592 1847 pour
1621 1786 1736 1832 trait
1764 1784 1935 1832 Jesus—
1946 1785 2131 1847 (Ἀπία,-
2149 1786 2197 1835 la

1179 1863 1524 1911 ressemblance
1541 1872 1610 1912 est
1624 1867 1669 1912 si
1686 1865 1949 1932 frappante
1977 1885 2067 1932 que
2095 1878 2202 1916 tous

1178 1943 1246 1992 les
1277 1945 1427 1994 Perea
1456 1946 1574 1994 l'ont
1608 1949 1794 2008 femie,
1839 1957 1885 1996 et
1922 1949 2046 2014 qu’il
2076 1947 2203 1998 n'est

1170 2044 1265 2092 pas
1284 2027 1490 2093 possible
1505 2028 1562 2076 de
1582 2028 1653 2094 s’y
1682 2038 1908 2096 tromper.
1929 2029 2201 2098 Quelspre-

1160 2111 1328 2173 juqes,
1347 2109 1458 2174 quel
1473 2110 1795 2175 aveuqlement
1807 2129 1869 2160 ne
1883 2113 2055 2178 faut-il
2056 2117 2204 2180 point

1177 2192 1317 2239 avoir
1321 2208 1453 2257 pour
1466 2208 1570 2239 oser
1589 2193 1986 2258 comparersslefils
2019 2195 2078 2243 de
2105 2192 2200 2244 So-

1168 2270 1470 2344 phronisque
1499 2291 1566 2321 au
1593 2274 1675 2339 fils
1707 2275 1764 2323 de
1795 2274 1996 2324 Marie?
2031 2278 2201 2345 Quelle

1176 2353 1391 2403 distance
1432 2355 1489 2404 de
1528 2356 1631 2404 l'un
1671 2358 1702 2405 ὰ
1737 2356 1907 2406 I'autre
1930 2363 1956 2407 Ρ
2006 2359 2201 2410 Socrate

1177 2446 1404 2485 mauram
1416 2455 1532 2486 sam
1548 2438 1765 2500 douleur,
1783 2456 1899 2488 sam
1911 2443 2198 2506 iqnomim'e,

1177 2521 1364 2566 soutint
1376 2522 1611 2568 aisement
1610 2521 1849 2586 jusqu'au
1863 2522 1976 2570 boue
1988 2540 2075 2572 son
2082 2542 2200 2590 per-

1178 2617 1387 2665 sonnaqe
1410 2640 1422 2660 ,
1457 2610 1502 2649 et
1527 2605 1574 2649 si
1602 2610 1714 2650 cette
1740 2603 1890 2667 facile
1924 2614 2047 2653 mort
2068 2607 2200 2655 n’edt

1178 2682 1354 2730 honore
1370 2699 1423 2731 sa
1440 2685 1516 2731 eie
1533 2723 1545 2742 ‚
1566 2700 1627 2732 on
1641 2684 1881 2732 demeruit
1895 2688 1942 2734 si
1962 2683 2162 2736 Socrate
2181 2724 2197 2748 ‚

1179 2781 1292 2813 avec
1320 2773 1422 2813 tout
1442 2782 1530 2813 son
1556 2768 1709 2832 esprit
1729 2802 1743 2825 ,
1783 2765 1872 2831 fat
1898 2776 2035 2815 autre
2064 2769 2200 2818 chose

1179 2847 1335 2911 qu'un
1358 2847 1582 2913 sophista.
1606 2847 1660 2894 Jt
1678 2849 1874 2896 inventa
1894 2871 1914 2907 ,=
1938 2850 2101 2898 dit-on
2117 2889 2131 2912 ‚
2151 2850 2200 2899 Ia

1180 2928 1379 2977 morale.
1415 2929 1649 2978 D’autres
1676 2941 1823 2979 avant
1858 2931 1933 2980 lm·
1962 2930 2199 2982 l’avaient

1181 3013 1301 3059 mise
1325 3028 1387 3059 en
1407 3014 1666 3078 pratique;
1696 3012 1737 3060 il
1754 3029 1816 3061 ne
1843 3014 1906 3078 fit
1922 3032 2013 3079 que
2035 3023 2199 3065 mettre

1181 3110 1241 3141 en
1268 3093 1427 3158 lep-ons
1460 3092 1587 3142 leurs
1631 3094 1928 3163 eoeemples...
1963 3096 2104 3146 Mais
2134 3101 2198 3147 οὺ

1181 3175 1346 3223 ‹Iesus-
1357 3175 1687 3224 Christavait-
1694 3175 1730 3224 il
1732 3179 1844 3243 pris
1858 3177 1972 3226 chez
1986 3177 2052 3226 les
2065 3181 2199 3228 siens

1181 3266 1295 3305 cette
1323 3257 1503 3305 morale
1544 3257 1691 3307 eleves
1733 3267 1779 3306 et
1813 3275 1940 3325 pure
1985 3260 2102 3308 dont
2125 3261 2200 3309 lui

1183 3339 1286 3388 seul
1317 3357 1347 3387 a
1379 3339 1538 3387 donne
1559 3339 1624 3388 les
1652 3340 1806 3405 lepons
1831 3349 1877 3389 et
1904 3339 2150 3408 l'exemple
2173 3347 2198 3389 Ρ

1185 3421 1276 3469 Du
1308 3423 1413 3469 sein
1450 3422 1518 3470 du
1545 3421 1662 3488 plus
1693 3423 1904 3487 suricum·
1935 3424 2199 3487 sanatisme

1185 3503 1232 3551 la
1254 3503 1370 3569 plus
1395 3503 1539 3552 haute
1571 3521 1755 3568 saqesse
1782 3521 1832 3552 se
1857 3505 1918 3568 fit
1948 3504 2196 3569 entendre,

1184 3595 1229 3634 et
1254 3585 1301 3634 la
1322 3585 1586 3652 simplicite
1604 3587 1685 3634 des
1703 3585 1819 3653 plus
1831 3586 2078 3650 heroiques
2090 3604 2195 3636 ver-

1187 3676 1263 3717 ius
1288 3667 1466 3718 honora
1501 3666 1544 3718 le
1556 3667 1672 3735 plus
1690 3667 1760 3716 vil
1781 3667 1838 3715 de
1866 3676 1969 3716 tous
1986 3667 2051 3717 les
2071 3687 2201 3736 peu-

1796 3749 1851 3808 9.
