2554 4140
265 189 386 248 ‘268

907 206 974 241 DE
1016 204 1169 242 VERA
1214 206 1337 242 nm.
1389 207 1520 247 Anv.
1570 208 1766 247 HETER.

269 355 498 414 Christo
521 351 791 409 instituta
812 394 827 424 ,
859 349 971 408 erit
983 351 1109 409 sine
1130 349 1399 431 dogmate
1423 362 1481 410 et
1497 351 1620 412 sine
1635 351 1889 412 morali?
1913 354 2204 427 Quorsum
2220 358 2396 438 igitur

265 445 592 510 revelatio?
629 448 771 527 Ergo
808 445 1207 530 velcatholici
1246 447 1339 506 vel
1381 446 1660 524 rebelleS,
1698 447 1793 508 vel
1829 449 1890 508 in
1918 449 2169 511 Ecclesia
2205 453 2399 513 catho-

265 546 371 604 lica
402 542 496 604 vel
522 544 585 602 in
619 564 907 623 synagoga
943 543 1168 602 Satanae
1189 589 1205 618 7
1244 542 1339 603 vel
1368 542 1581 603 Christi
1612 543 1707 604 vel
1743 544 1955 620 Belial,
1997 545 2092 606 vel
2119 546 2399 608 catholica

267 639 411 698 fides
453 639 546 701 vel
588 638 896 721 quodlibet
942 639 1181 715 spiritus
1224 640 1438 721 privati
1482 640 1972 723 deliramentum,
2018 642 2215 703 omnia
2260 664 2402 703 con-

268 736 444 794 traria
476 756 642 818 aeque
671 756 808 795 vera
827 778 846 811 ,
886 755 1046 817 aeque
1072 733 1368 794 laudanda
1404 736 1576 795 sunt!

358 832 496 891 146.
546 833 626 892 Ex
644 832 735 891 his
759 833 1024 914 sequitur
1042 832 1106 889 10
1126 829 1288 913 quod
1303 831 1635 914 quicunque
1649 834 1955 915 protestati
1972 845 2110 893 sunt
2126 833 2405 896 adversus

271 927 583 989 Ecclesiam
628 927 975 988 catholicam
995 972 1011 1002 ,
1058 926 1370 1008 protestati
1401 926 1621 987 fuerint
1664 928 1943 989 adversus
1994 930 2302 991 veritatem
2346 941 2407 991 et

271 1025 551 1087 adversus
583 1026 775 1085 Deum
799 1024 1017 1106 ipsum.

358 1122 497 1182 147.
529 1123 598 1180 20
616 1119 810 1194 Quod,
828 1140 962 1178 cum
981 1117 1499 1178 Protestantismus
1514 1118 1588 1176 sit
1605 1131 1767 1179 actus
1781 1119 2115 1181 rebellionis
2130 1122 2407 1182 adversus

273 1218 537 1278 Ecclesiae
555 1216 964 1275 auctoritatem
985 1260 1002 1288 ,
1033 1223 1322 1296 quotquot
1341 1211 1595 1273 haeretici
1617 1213 1857 1275 fuerunt
1878 1227 1939 1275 et
1960 1229 2099 1276 sunt
2116 1263 2133 1293 .,
2160 1217 2408 1278 totidem

273 1315 493 1374 fuerint
535 1333 600 1373 ac
642 1313 762 1372 sint
795 1322 1190 1392 protestantes
1203 1354 1226 1382 ,
1284 1314 1333 1388 ej
1343 1308 1549 1371 usdem
1606 1333 1822 1394 nempe
1878 1312 2139 1374 criminis
2181 1316 2302 1391 rei,
2348 1325 2408 1375 et

274 1410 432 1493 quod
457 1409 596 1493 ipsis
625 1409 784 1469 idem
815 1407 1131 1469 conveniat
1164 1427 1404 1467 nomen.

278 1647 480 1694 minatus
518 1644 783 1693 Richardus
825 1643 954 1702 Hiu,
998 1659 1097 1691 non
1133 1650 1303 1690 nocent

269 1727 397 1792 filiis
417 1727 554 1786 Dei,
587 1728 681 1775 imo
708 1737 824 1775 sunt
851 1728 974 1793 ipsis
992 1723 1158 1774 utilia.
1189 1721 1303 1772 Pec-

276 1820 383 1859 cata
411 1828 516 1859 mea
540 1818 760 1876 possunt·
779 1806 885 1858 Deo
904 1807 1160 1876 displicere
1181 1846 1196 1865 ,
1218 1806 1303 1856 sed

269 1910 477 1959 persona
516 1910 623 1942 mea
655 1910 842 1960 semper
875 1894 975 1960 ipsi
1014 1892 1164 1941 chara
1190 1893 1299 1942 erit.

280 1975 396 2024 Etsi
415 1979 572 2042 maqis
589 1993 837 2044 peccarem
853 1993 998 2042 quam
1031 1973 1302 2033 Manasses,

278 2076 378 2108 non
405 2059 511 2108 ideo
541 2062 708 2107 minus
735 2059 936 2108 dilectus
950 2058 1094 2124 filius
1115 2058 1219 2107 Dei
1241 2075 1307 2106 es·

278 2159 376 2190 sem
397 2182 411 2203 ‚
428 2145 547 2208 quia
565 2160 749 2209 semper
762 2161 835 2192 me
851 2143 981 2192 videt
1002 2146 1060 2192 in
1083 2142 1300 2207 Christ03

280 2225 456 2273 exinde
483 2226 560 2291 fit,
582 2236 637 2274 nt
652 2229 779 2275 inter
802 2230 912 2293 ipsa
937 2227 1200 2285 adulteria,
1223 2228 1306 2274 in-

281 2317 435 2359 cestus
449 2318 495 2357 et
515 2308 781 2359 homicidia
802 2312 959 2376 possit
974 2311 1040 2359 ad
1064 2328 1137 2358 me
1164 2311 1307 2359 verba

281 2400 580 2441 convertere:
601 2392 714 2442 Tota
732 2393 924 2458 pulchra
939 2411 1004 2451 es,
1022 2396 1167 2441 amica
1184 2411 1304 2455 mea,

284 2486 329 2523 ct
351 2476 533 2524 macula
560 2493 657 2523 non
687 2485 755 2523 est
782 2478 832 2524 in
867 2486 912 2524 te
936 2475 1089 2539 (ibid.
1118 2475 1211 2524 vol.
1238 2492 1305 2538 lv,

284 2578 332 2625 p.
367 2561 481 2626 97).
528 2558 648 2608 Etsi
690 2576 772 2624 eqo
816 2561 1035 2625 vitupero
1075 2576 1152 2607 eos
1175 2597 1189 2619 ,
1222 2559 1311 2624 qui

284 2642 491 2691 dicunt:
525 2641 774 2691 Peccemus
796 2679 810 2702 ‚
841 2652 895 2691 ut
925 2645 978 2690 in
1006 2642 1142 2690 nobis
1166 2644 1309 2708 gratia

285 2727 491 2776 abundet
508 2745 523 2791 3
558 2735 772 2774 attamen
792 2764 805 2786 ‚
838 2726 914 2773 his
944 2742 1045 2774 non
1074 2726 1309 2775 obstanti-

285 2809 405 2869 bus,
448 2809 743 2858 adulterium
775 2847 788 2869 ‚
825 2811 1070 2869 incestus,
1114 2808 1313 2857 homici-

286 2892 426 2940 dium
463 2910 539 2940 me
586 2893 873 2941 sanctiorem
927 2891 1128 2940 reddent
1167 2908 1314 2958 super

286 2985 414 3024 terra
427 2985 471 3024 et
493 2975 821 3041 qloriosiorem
841 2978 896 3025 in
915 2975 1045 3025 coelis
1061 2977 1075 3041 (
1091 2975 1316 3025 Fletcher

289 3056 567 3124 Daybeny's
621 3059 786 3108 Guide
840 3069 885 3108 to
932 3059 1009 3108 the
1073 3058 1268 3108 Chareh
1297 3099 1309 3121 ‚

291 3158 395 3206 pag.
433 3140 498 3190 82
529 3144 566 3205 ).
619 3141 677 3191 D.
727 3143 896 3192 Milner
943 3144 1163 3208 (Letters
1205 3152 1250 3191 to
1283 3160 1315 3191 a

293 3222 640 3290 Prehendary)
672 3227 810 3274 refert
833 3238 876 3275 et
908 3229 1007 3292 ipse
1042 3226 1313 3275 Salmonem

291 3301 566 3373 quemdam,
591 3312 855 3359 ministrum
870 3311 996 3376 apud
1017 3311 1314 3375 Conventry,

292 3387 517 3454 populum
540 3389 749 3440 docuisse
761 3396 917 3457 jurare
936 3431 949 3454 ,
973 3393 1313 3458 blasphemare,

292 3471 588 3538 liberumque
626 3472 779 3521 laxare
821 3475 1006 3523 frenum
1053 3475 1317 3525 excessibus

294 3555 534 3604 omnibus.
584 3554 811 3621 Quoniam
864 3555 1077 3606 abhorret
1130 3561 1318 3606 animus

296 3636 526 3703 ejusmodi
545 3655 757 3688 excessus
786 3657 1042 3700 recensere,
1069 3644 1150 3707 qui
1181 3642 1316 3706 plura

295 3724 418 3786 cupit
446 3732 607 3787 praeter
623 3725 784 3772 citatos
815 3734 1020 3772 auctores
1048 3761 1060 3785 ,
1079 3726 1317 3775 consulere

1386 1652 1532 1706 potest
1587 1645 1710 1708 ipsos
1768 1647 2010 1709 scriptores
2053 1654 2359 1711 protestantes
2391 1680 2408 1705 ‚

1387 1723 1637 1793 Trembley
1663 1764 1677 1787 ‚
1729 1725 2120 1775 Considerations
2167 1743 2255 1774 sur
2283 1725 2416 1774 l'etat

1380 1811 1577 1874 present
1605 1808 1674 1857 da
1709 1808 2118 1870 Christianisme,
2150 1827 2252 1874 pag.
2289 1809 2413 1877 239,

1387 1901 1432 1940 et
1457 1891 1684 1940 Baronem
1717 1892 1775 1941 de
1788 1891 1949 1941 Starck
1966 1928 1984 1953 ,
2005 1891 2057 1939 Ε
2058 1893 2291 1940 ntretiens
2295 1891 2416 1957 phi-

1387 1973 1683 2041 losophiqaes
1733 1992 1821 2023 sar
1867 1975 1915 2023 la
1946 1977 2154 2023 reunion
2186 1975 2243 2023 de
2274 1970 2417 2042 diffe-

1388 2067 1544 2108 rentes
1588 2060 1925 2108 communiens
1955 2058 2253 2124 ehretiennes
2274 2097 2288 2119 ‚
2322 2069 2416 2108 tra-

1389 2146 1515 2195 duits
1538 2146 1596 2195 de
1626 2145 1921 2204 l'allemand‚
1954 2145 2079 2204 Paris
2112 2143 2273 2206 1818,
2311 2161 2418 2210 prae-

1391 2233 1547 2279 sertim
1566 2249 1670 2296 pag.
1711 2228 1809 2279 285
1831 2267 1843 2289 ‚
1877 2230 1961 2279 ubi
1988 2229 2126 2279 refert
2149 2237 2415 2295 eicerptum

1390 2312 1635 2378 cujusdam
1686 2312 2017 2361 dissertationis
2054 2314 2131 2360 De
2168 2311 2225 2360 S.
2262 2309 2420 2358 Pauli

1395 2394 1774 2443 Christiani-xmo
1795 2431 1809 2457 ,
1843 2398 2043 2444 auctoris
2065 2396 2314 2462 anonymi,
2341 2396 2418 2442 in-

1394 2484 1529 2527 sertae
1562 2481 1612 2526 in
1649 2479 1936 2543 Repertorio
1969 2475 2181 2525 Semleri
2201 2515 2213 2536 ‚
2252 2480 2304 2526 in
2329 2494 2421 2542 qua

1392 2572 1558 2611 auctor
1583 2562 1768 2627 praefert
1796 2562 2126 2610 ethnicismum
2159 2561 2420 2609 christianae

1392 2645 1626 2709 religioni,
1669 2654 1715 2692 et
1760 2642 1786 2710 §
1826 2643 1855 2692 3
1904 2645 2067 2710 quaerit
2098 2660 2112 2691 ε
2148 2639 2212 2690 Si
2252 2641 2294 2691 le
2343 2647 2419 2690 re-

1392 2726 1715 2775 tablissement
1744 2726 1800 2773 de
1834 2725 1884 2773 la
1919 2725 2126 2791 reliqion
2154 2725 2236 2773 des
2267 2724 2420 2774 Grecs

1394 2818 1439 2857 et
1461 2809 1543 2858 des
1571 2808 1810 2859 Romains
1826 2825 1885 2856 ne
1899 2811 2049 2857 serait
2058 2809 2200 2875 point
2214 2808 2256 2856 le
2280 2808 2419 2857 meil-

1395 2891 1501 2941 leur
1506 2894 1652 2960 parti
1664 2894 1807 2958 qu'on
1816 2891 1915 2959 pat
1934 2890 2166 2958 prendre.
2191 2891 2245 2940 ld
2266 2893 2421 2957 ipsum

1397 2980 1705 3043 praestiterunt
1732 2977 1961 3039 maqistri
1996 2973 2174 3042 populi
2209 2993 2290 3023 seu
2321 2993 2423 3041 pas-

1400 3070 1553 3120 tores,
1599 3068 1650 3107 ut
1679 3068 1856 3107 constat
1911 3075 1968 3106 ex
1998 3068 2107 3106 nota
2156 3074 2217 3123 72
2274 3060 2424 3123 operis

1398 3143 1595 3205 Thiess3
1626 3144 1693 3190 sic
1725 3143 1892 3189 imitati
1908 3151 2017 3188 sunt
2035 3139 2292 3188 nonnullos
2317 3140 2424 3205 phi-

1397 3226 1613 3291 losophos
1626 3225 1788 3290 gallos,
1801 3226 2082 3272 nominatim
2101 3241 2206 3273 vero
2222 3222 2421 3289 Raynal,

1397 3311 1480 3374 qui
1506 3311 1555 3356 in
1580 3326 1662 3356 sua
1679 3305 1907 3354 Historia
1922 3304 2256 3372 philosophica
2271 3324 2426 3355 amare

1399 3393 1609 3458 queritur
1638 3388 1720 3437 De
1750 3406 1801 3436 ce
1833 3388 1978 3453 quela
2007 3387 2159 3438 Croix
2188 3387 2247 3436 de
2273 3386 2424 3437 J.-C.

1398 3477 1534 3524 avait
1561 3473 1796 3539 remplace
1817 3474 1883 3521 les
1903 3473 2139 3521 divinitas
2173 3474 2354 3520 riantes
2367 3471 2424 3518 de

1400 3559 1549 3607 Rome
1584 3566 1629 3604 et
1663 3557 1721 3604 de
1757 3556 1805 3603 la
1848 3554 2015 3606 Grece.
2054 3556 2104 3604 Si
2151 3566 2307 3605 tamen
2335 3555 2425 3603 hoc

1401 3658 1516 3706 opus
1547 3643 1675 3688 citati
1702 3642 1898 3688 auctoris
1931 3642 2065 3689 statue
2087 3649 2171 3688 est.
