2554 4140
309 114 429 175 322
966 135 1033 170 DE
1078 134 1230 173 VERA
1275 135 1397 170 am.
1443 134 1577 172 anv.
1623 136 1825 175 Hermi.

306 295 405 342 tur
428 328 442 356 7
463 284 619 361 selim
651 299 953 337 successus
979 298 1250 356 praesens
1278 289 1333 336 et
1359 279 1619 337 visibilis
1657 299 1778 340 non
1812 292 1896 340 esc
1918 294 2070 342 certe
2094 290 2442 359 criterium,

304 378 466 458 quod
489 376 720 433 labores
745 377 942 432 nostri
966 374 1088 433 Deo
1113 378 1345 453 accepti
1369 379 1496 433 sint
1519 373 1610 453 (l)
1626 420 1641 449 7
1680 387 1748 434 ut
1787 375 1898 435 alia
1923 378 2235 440 innumera
2260 403 2443 466 prope

305 481 692 531 monumenta
734 468 998 548 ejusdem
1046 469 1263 529 tenoris
1306 471 1577 529 omittam
1617 470 1729 554 (2).
1772 473 1964 546 Quare
2000 474 2091 533 his
2132 477 2302 535 annis
2343 500 2449 559 gu-

303 566 580 627 bernium
618 565 1028 645 anglicanum7
1076 566 1168 625 cui
1213 566 1379 625 cordi
1428 578 1517 624 est
1562 568 1871 627 conversio
1912 568 2274 629 coloniarum
2313 592 2452 633 sua-

302 686 435 722 rum
458 707 475 737 7
533 662 697 721 omni
755 683 859 744 spe
917 661 1267 720 destitutum
1306 707 1322 736 7
1382 675 1449 721 ut
1503 663 1740 722 videtur
1775 711 1790 739 7
1851 664 2096 746 alicujus
2157 689 2451 728 successus

306 758 806 818 missionariorum
838 758 1293 839 protestantium
1317 801 1332 831 7
1371 761 1666 839 promovit
1690 806 1704 834 7
1741 759 1951 820 saltem
1981 762 2265 823 indirecte
2287 813 2303 842 7
2336 763 2452 823 Ca—

302 856 658 915 tholicorum
680 853 985 913 missiones
1007 878 1022 926 ς
1050 852 1196 912 adeo
1221 863 1295 912 ut
1318 873 1457 913 vere
1481 855 1761 914 affirmari
1791 858 1973 938 possit
1994 903 2008 931 7
2051 861 2451 920 protestantes

304 966 389 1013 tot
431 952 805 1012 missionariis
828 997 843 1025 7
891 962 980 1008 tot
1015 951 1299 1030 impensis
1324 995 1339 1022 7
1386 960 1554 1010 tanta
1599 952 1920 1013 bibliorum
1959 954 2269 1016 diffusione
2304 955 2452 1015 nul-

300 1051 426 1109 lum
463 1050 644 1109 alium
683 1049 940 1106 fructum
968 1045 1207 1119 tulisse7
1246 1055 1465 1127 praeter
1501 1045 1660 1106 hunc
1683 1093 1699 1122 7
1739 1050 1906 1130 quod
1947 1071 2164 1132 nempe
2192 1052 2451 1112 Catholi-

304 1168 506 1206 corum
549 1143 855 1202 missiones
899 1139 997 1201 vel
1043 1150 1398 1200 everterunt
1427 1185 1443 1213 7
1493 1140 1586 1200 vel
1631 1143 2058 1220 exturbarunt7
2106 1147 2200 1208 vel
2246 1171 2447 1208 earum

305 1261 599 1301 successus
637 1235 1054 1320 quoquomodo
1077 1236 1480 1319 impedierunt
1501 1283 1515 1312 7
1546 1238 1648 1319 qui
1674 1260 1907 1321 semper
1929 1242 2255 1323 praecipuus
2283 1245 2445 1327 ipso-

303 1359 438 1396 rum
466 1357 676 1418 scopus
700 1346 760 1393 et
789 1334 923 1392 finis
955 1344 1064 1393 est.

386 1434 528 1492 249.
575 1434 792 1492 Contra
839 1448 978 1490 vero
1025 1430 1374 1489 missionarii
1435 1431 1706 1491 catholici
1749 1444 1816 1490 ut
1859 1431 2187 1513 plurimum
2230 1433 2450 1518 absque

302 1530 421 1590 ullo
456 1528 725 1612 praesidio
751 1530 974 1606 Regum
1001 1537 1102 1585 aut
1131 1528 1581 1608 magistratuum
1604 1573 1620 1602 7
1651 1529 1912 1610 pecuniis
1954 1528 2198 1611 aliisque
2237 1530 2450 1590 huma-

296 1629 387 1685 nis
433 1623 808 1684 facultatibus
833 1624 1097 1682 destituti
1119 1668 1134 1696 7
1167 1623 1275 1681 soli
1302 1644 1363 1682 se
1387 1623 1703 1683 conferunt
1733 1624 1810 1682 ad
1842 1625 2112 1685 efferatos
2145 1647 2210 1685 ac
2241 1625 2451 1688 silves-

299 1735 419 1782 tres
449 1721 730 1804 populos7
763 1721 919 1779 inter
938 1720 1222 1778 continua
1239 1739 1304 1777 ac
1318 1721 1629 1802 praesentia
1654 1720 1910 1801 pericula
1938 1722 2072 1780 vitae
2098 1721 2443 1781 amittendae

298 1839 672 1901 quocumque
710 1827 1068 1898 penetran‘t7
1111 1826 1288 1898 atque
1326 1815 1546 1897 ubique
1590 1815 1917 1877 uberrimos
1960 1818 2181 1877 fructus
2225 1818 2441 1878 ferunt.

298 1916 464 1976 Solus
497 1917 554 1974 S.
585 1913 920 1973 Franciscus
952 1913 1237 1971 Xaverius
1266 1912 1421 1972 ultra
1462 1912 1652 1972 decies
1688 1925 1936 1973 centena
1970 1913 2283 1972 hominum
2311 1914 2448 1973 mil-

301 2013 376 2072 lia
405 2034 508 2071 sua
547 2033 726 2069 manu
763 2029 924 2068 sacro
955 2010 1317 2090 Baptismate
1346 2009 1555 2083 tinxit,
1594 2007 1792 2091 plures
1827 2010 2122 2092 principes
2160 2032 2224 2069 ac
2264 2012 2446 2090 Reges

292 2110 379 2168 ⁴ad
404 2108 747 2187 religionem
787 2106 1171 2166 christianam
1214 2105 1495 2181 adduxit,
1534 2105 1754 2187 ubique
1787 2105 2067 2165 Ecclesias
2094 2106 2404 2166 aedificavit
2425 2151 2441 2179 7

292 2227 422 2287 quae
467 2204 662 2264 adhuc
705 2204 1034 2262 consistunt
1057 2248 1074 2276 7
1133 2225 1255 2261 non
1316 2199 1686 2261 obstantibus
1742 2201 2035 2262 atrocibus
2093 2204 2446 2263 Batavorum

299 2300 672 2381 aliorumque
725 2299 1136 2358 haereticorum
1192 2297 1702 2380 persecutionibus
1757 2319 1823 2357 ac
1879 2297 2188 2357 conatibus
2231 2297 2307 2357 ad
2350 2319 2446 2357 eas

296 2395 667 2458 evertendas
718 2395 909 2475 Atque
946 2406 1014 2451 ut
1045 2394 1121 2452 ad
1159 2396 1514 2455 recentiores
1545 2394 1850 2452 missiones
1887 2395 2222 2468 veniamus7
2265 2394 2444 2453 etiam

301 2493 529 2552 omissis
567 2511 696 2573 quae
718 2499 990 2571 spectant
1018 2489 1094 2548 ad
1116 2491 1559 2571 Paraquariam‚
1598 2488 1672 2547 de
1713 2488 1924 2569 quibus
1966 2490 2191 2569 egregie
2216 2488 2444 2569 scripsit

291 2589 644 2650 Muratorius
678 2587 768 2666 (3)
791 2633 806 2661 7
842 2586 1144 2645 Brasiliam
1166 2632 1181 2661 7
1209 2587 1435 2647 Novam
1464 2586 1767 2644 Franciam
1789 2630 1804 2659 7
1843 2585 1963 2645 sive
1995 2582 2228 2643 Canada
2258 2630 2274 2660 7
2321 2596 2438 2643 etc„

297 2686 612 2769 postremis
649 2684 829 2742 etiam
861 2682 1018 2743 hisce
1047 2683 1217 2741 annis
1248 2682 1445 2764 plures
1483 2681 1835 2740 missionarii
1860 2681 1921 2738 in
1956 2681 2240 2761 Virginiu,
2284 2679 2442 2763 apud

298 2787 643 2864 Iroquenses
673 2778 934 2861 aliasque
970 2777 1448 2861 septentrionalis
1486 2778 1768 2837 Americae
1808 2776 2105 2836 silvestres
2125 2787 2325 2858 gentes
2354 2776 2441 2835 fe-

296 2878 395 2941 lici
428 2878 588 2936 exitu
617 2875 968 2936 laborarunt
988 2921 1003 2950 7
1031 2875 1231 2957 ibique
1263 2875 1454 2934 adhuc
1486 2896 1727 2955 operam
1753 2895 1920 2933 suam
1943 2873 2301 2955 impendunt
2325 2872 2437 2952 (4)7

296 2987 356 3034 et
383 2973 556 3056 plura
594 2973 908 3032 hominum
942 2971 1126 3030 millia
1150 2971 1227 3031 ad
1259 2970 1657 3051 evangelicam
1688 2970 1880 3030 lucem
1921 2981 2215 3030 venerunt
2249 2991 2313 3028 ac
2344 2990 2441 3031 ve-

298 3071 502 3129 niunt.
553 3068 783 3150 Ubique
827 3079 1191 3151 expetuntur
1235 3066 1309 3126 ab
1351 3068 1421 3126 iis
1453 3113 1469 3142 7
1528 3064 1687 3149 apud
1730 3087 1874 3148 quos
1920 3065 2063 3125 olim
2108 3065 2438 3127 conversati

360 3319 431 3383 (l)
471 3318 649 3385 Report
674 3318 734 3384 of
759 3319 825 3368 P.
857 3319 911 3368 C.
945 3318 1017 3368 K.
1048 3318 1320 3369 soc.Lond.
1406 3319 1540 3366 sioni
1577 3315 1657 3365 del
1697 3315 1966 3381 Paraquay
1992 3354 2004 3376 7
2040 3315 2242 3364 Venezia
2290 3311 2435 3380 1743.

302 3400 431 3470 1829
451 3440 464 3463 7
500 3419 606 3465 pag.
640 3398 724 3464 43.
1479 3401 1545 3465 (lo)
1562 3400 1853 3449 Vit.Lettera
1869 3398 2116 3448 delPadrc
2137 3397 2282 3448 Carlc
2301 3395 2358 3444 V
2353 3411 2435 3443 an-

366 3484 434 3548 (2)
472 3482 586 3550 Quae
648 3483 796 3531 videri
846 3495 1039 3549 possunt
1093 3487 1157 3535 cit
1200 3484 1321 3536 Diss.
1407 3482 1757 3550 quickenborne
1770 3481 1891 3531 della
1906 3484 2195 3548 compaqnia
2209 3480 2265 3528 di
2282 3478 2431 3536 Gemi,

295 3579 406 3616 sect.
439 3583 487 3615 iv
524 3576 569 3616 et
600 3585 646 3615 v.
1417 3583 1474 3614 ιο
1507 3567 1665 3615 Marzo
1695 3563 1823 3633 1829
1848 3603 1862 3626 ,
1900 3567 2025 3614 edita
2063 3567 2113 3613 in
2140 3563 2315 3612 Amico
2340 3559 2433 3606 d’l-

370 3649 434 3713 (3)
457 3647 510 3709 Il*
533 3651 889 3698 cristianesimo
906 3648 1046 3714 selice
1074 3651 1197 3700 nelle
1217 3653 1327 3699 vnis·
1410 3648 1529 3698 talia
1550 3685 1566 3713 ,
1594 3649 1686 3699 vol.
1724 3664 1800 3699 xvi
1824 3685 1836 3710 ,
1870 3667 1971 3715 pag.
2017 3645 2125 3696 165.
