2554 4140
502 166 654 202 mor.
684 166 783 211 rlx.
834 168 900 202 mi
945 167 1200 205 raorsss‘r.
1246 168 1399 206 ome.
1440 169 1507 204 m·
1551 166 1705 204 suco.
2039 143 2156 202 313

55 305 304 383 Aliquos
331 306 725 365 Marcionitas
733 318 791 373 et
812 309 1299 388 Valentinianos(
1314 309 1671 368 Lutheranos
1694 318 1753 366 et
1769 305 2155 386 Calvinistas)

61 400 379 457 libera-nola
410 405 628 460 veritas
669 403 1062 479 empeetaham·
1082 403 1311 460 interea
1347 416 1670 489 perperam
1705 403 2154 481 evan9elz‘zaba-

62 503 194 562 tur,
214 516 528 573 perperam
553 498 934 566 credebatur,
959 499 1039 554 tot
1077 498 1273 555 millia
1303 500 1571 556 millium
1587 501 1908 576 'perperam
1932 502 2158 568 tincta,

63 599 143 646 tot
170 610 349 668 opera
377 591 520 667 fidei
536 612 859 670 perperam
901 590 1358 659 administrata,
1394 602 1476 648 tot
1506 596 1783 663 virtutes,
1819 603 1899 651 tot
1926 594 2164 652 charis-

60 695 225 742 mata
237 696 828 764 perperamtoperata
842 730 860 752 ,
882 694 964 742 tot
983 685 1311 743 sacerdoti-a
1328 730 1346 753 ,
1375 695 1458 741 tot
1480 689 1817 745 ministeria
1842 708 2163 766 perperam

53 780 272 855 functa
295 820 317 849 ,
349 790 431 836 tot
460 780 714 856 denique
740 782 1046 856 martyria
1072 799 1398 856 perperam
1436 791 1716 837 coronata
1747 782 1858 858 (l).
1901 780 2161 840 Libertas

62 893 236 945 vem,
289 874 562 953 inquam
604 893 710 930 nos
748 885 1156 951 asseruerunt,
1211 885 1295 932 est
1333 872 1544 932 solutio
1576 871 1650 931 ab
1689 875 1851 932 omni
1887 875 2053 934 freno
2103 887 2165 935 et

60 966 415 1045 subJectione
443 967 581 1045 legis
619 967 963 1046 evangelicae
1003 968 1450 1050 divinorumque
1487 967 1938 1043 mandatorum,
1979 970 2060 1028 ita
2094 981 2163 1030 ut

61 1083 250 1142 neque
277 1061 544 1120 Islamitae
569 1073 729 1120 tanta
766 1062 1034 1138 licentia,
1074 1063 1351 1123 credendi
1382 1085 1596 1145 nempe
1621 1062 1908 1145 quidquid
1937 1063 2161 1144 placet,

61 1167 119 1213 et
153 1156 400 1215 faciendi
430 1156 713 1237 quidquid
741 1157 937 1234 lubet,
977 1170 1236 1218 utantur.

138 1249 277 1313 238.
325 1251 411 1309 Ad
448 1252 563 1324 5111,
598 1254 757 1310 Dist
801 1252 868 1310 Id
900 1264 1025 1327 est„
1067 1255 1129 1311 in
1165 1254 1572 1314 destructionis
1602 1275 1940 1336 progreSSU‚
1985 1277 2018 1313 a
2051 1276 2167 1336 quo

60 1344 182 1405 sive
209 1346 462 1425 quodam
490 1347 843 1406 irresistibili
862 1349 1225 1409 conscientiae
1250 1349 1534 1429 clamore,
1569 1350 1690 1411 sive
1721 1350 2009 1410 contraria
2043 1350 2165 1408 ani-

62 1460 293 1497 morum
331 1438 705 1522 dispositione
740 1441 1187 1518 detinebantur
1231 1465 1421 1513 corto&
1454 1465 1655 1519 secus,
1696 1466 1825 1524 ne9.
1870 1445 2162 1505 Nimirum

65 1535 348 1612 ejusmodi
377 1536 737 1595 restitutores
760 1537 854 1598 vel
883 1539 1079 1597 statim
1107 1561 1229 1597 non
1265 1550 1630 1619 agnoverunt
1661 1561 1865 1599 omnes
1890 1541 2160 1622 principii

62 1649 94 1687 a
128 1650 189 1686 se
229 1631 527 1689 constituti
563 1633 839 1712 pessimas
876 1635 1341 1711 consecutioneS,
1386 1634 1486 1696 vel
1527 1634 1792 1693 nondum
1838 1635 1972 1694 satis
2011 1636 2165 1695 firmi

58 1725 120 1782 in
150 1724 449 1805 impietate
477 1725 550 1784 ab
584 1727 650 1784 iis
682 1727 1111 1788 exhorruerunt
1129 1775 1145 1801 ,
1175 1742 1352 1811 atque
1377 1741 1443 1789 ut
1471 1731 1772 1812 proprium
1800 1742 1888 1790 est
1915 1753 2118 1791 eorum
2142 1777 2159 1807 ‚

58 1820 157 1900 qui
193 1820 514 1900 periculum
549 1821 754 1882 vident
791 1819 899 1882 nec
926 1823 1136 1903 pedem
1175 1847 1206 1883 a
1240 1826 1554 1908 praecipitio
1596 1826 1893 1886 retrahere
1916 1826 2159 1903 valent,

59 1914 329 1973 nituntur
381 1937 487 1996 per
535 1917 1007 1977 incohaerentiam
1065 1920 1128 1977 in
1182 1921 1377 1980 medio
1433 1921 1640 1980 itinere
1684 1922 2017 1993 consistere.
2065 1923 2166 1981 Ast

59 2007 294 2088 abyssus
328 2022 528 2091 aperta
561 2024 685 2071 erat
710 2058 725 2083 ,
770 2013 1091 2095 impulsum
1132 2016 1241 2096 ipsi
1284 2015 1568 2076 dederant
1591 2061 1607 2091 ,
1640 2023 1854 2076 ‘eorum
1894 2016 2162 2098 discipuli

59 2125 294 2163 omnem
318 2104 527 2165 harum
555 2099 1028 2168 consecutionum
1057 2113 1445 2171 necessarium
1479 2134 1698 2172 nexum
1727 2113 1958 2193 sequuti
1985 2124 2123 2170 sunt
2142 2157 2159 2187 ‚

57 2201 352 2282 magisque
391 2201 683 2273 obfirmati
715 2217 1144 2264 antecessorum
1182 2208 1484 2289 exemplo,
1520 2218 1651 2288 post
1694 2208 1879 2267 varias
1916 2205 2198 2266 fluctua-‘

23 2298 245 2354 'tiones
289 2296 524 2356 demum
570 2299 789 2358 fructus
833 2321 1034 2360 omnes
1091 2300 1246 2360 illius
1289 2302 1626 2363 destructivi
1670 2302 1942 2384 principii
1986 2301 2163 2361 colle·
2249 2324 2251 2326 ·

58 2402 298 2469 gerunt,
327 2413 470 2472 quos
496 2392 813 2474 producere
846 2395 1115 2456 debebat.
1146 2398 1236 2456 Sic
1259 2397 1505 2458 cadaver
1535 2420 1640 2479 per
1671 2397 1906 2479 aliquod
1935 2410 2164 2480 tempus

53 2483 406 2545 lineamenta
443 2500 674 2563 servat,
712 2512 840 2570 quae
884 2503 1079 2572 postea
1103 2537 1118 2565 .,
1161 2513 1296 2551 cum
1333 2505 1672 2574 corruptum
1709 2515 1774 2552 ac
1812 2493 2163 2552 dissolutum

55 2591 178 2648 est,
222 2582 459 2640 amittit.
527 2585 617 2641 Sic
668 2586 910 2664 contigit
968 2589 1462 2646 protestantismo.
1523 2590 1760 2647 Bossuet
1801 2610 1867 2647 ac
1907 2589 2162 2647 Fenelon

57 2661 341 2750 ejusmodi
376 2676 813 2736 dissolutionem
836 2679 1065 2756 jamdiu
1094 2681 1483 2759 praeviderant
1523 2694 1697 2763 atque
1733 2683 2157 2764 praedixerant3

59 2780 299 2828 eventus
327 2771 634 2830 veritatem
668 2773 949 2849 ejusmodi
978 2775 1361 2853 praedictionis
1401 2776 1825 2858 comprobavit.

135 2863 276 2922 239.
326 2865 413 2922 Ad
440 2865 551 2939 6111,
586 2868 740 2924 Dz'st.
777 2868 852 2926 Ea
880 2889 1094 2950 nempe
1129 2871 1388 2945 ratione,
1421 2894 1533 2952 qua
1570 2873 1742 2945 datur
1777 2873 2148 2955 participatio

49 2958 286 3033 justitiae
319 2980 450 3017 cum
479 2961 814 3042 iniquitate,
853 2974 954 3021 aut
988 2967 1223 3042 societas
1257 2955 1398 3025 lucis
1429 2966 1503 3025 ad
1539 2966 1809 3027 tenebras
1836 3013 1853 3044 ,
1894 2981 1992 3027 aut
2020 2991 2160 3029 con-

58 3052 254 3109 ventio
290 3053 500 3112 Christi
535 3056 607 3113 ad
642 3051 854 3132 Belial,
896 3080 1078 3130 oono.,·
1123 3061 1231 3119 alia
1260 3062 1516 3136 ratione,
1555 3086 1683 3143 ne9.
1727 3065 1784 3123 Si
1826 3065 2156 3125 rationalis·-

59 3168 187 3204 mus
216 3159 301 3206 est
335 3143 602 3231 proprius
637 3152 895 3213 Ecclesiae
930 3155 1222 3237 catholicae
1244 3203 1259 3231 7
1297 3168 1362 3215 ut
1389 3158 1930 3239 impudentissimus
1959 3173 2160 3222 auctor

58 3240 361 3317 affirmat,
385 3246 486 3325 qui
521 3246 620 3320 fit,
660 3258 725 3306 ut
755 3248 999 3308 Ecclesia
1036 3251 1312 3311 catholica
1347 3252 1517 3311 illum
1552 3253 1793 3315 damnet
1823 3267 1881 3315 et
1909 3257 2157 3318 anathe-

57 3336 294 3395 matizet
313 3384 329 3412 ,
373 3350 432 3397 et
459 3340 831 3404 rationalistae
862 3349 1024 3426 pejus
1062 3368 1237 3427 quam
1259 3368 1291 3406 a
1332 3369 1474 3408 cane
1495 3360 1558 3408 et
1579 3371 1769 3430 angue
1802 3350 2156 3411 abhorreant

57 3430 130 3490 ab
155 3432 400 3492 Ecclesia
426 3435 752 3496 catholica?
796 3441 1005 3500 Nonne
1046 3441 1154 3500 hoc
1199 3453 1284 3500 est
1333 3463 1534 3503 vocare
1576 3444 1766 3506 lucem
1802 3446 2070 3506 tenebras
2095 3457 2154 3505 et

121 3624 190 3687 (1)
209 3624 326 3674 lbid.
354 3644 457 3693 cap.
484 3628 548 3677 38
561 3640 604 3678 et
621 3629 704 3698 39,
727 3634 838 3681 edit.
856 3633 1051 3698 Rigaltii.
