2554 4140
755 217 876 258 cm».
925 220 990 255 11.
1036 219 1107 253 nr.
1151 218 1368 256 nncnss.
1411 218 1542 259 miv.
2125 195 2199 254 21

172 360 270 420 58.
300 360 367 420 Et
402 359 522 419 haec
561 359 794 441 quidem
833 359 905 416 de
944 356 1142 429 cultu3
1182 378 1254 415 ex
1293 355 1503 436 quibus
1541 357 1730 438 colligi
1775 357 1937 418 facile
1966 367 2201 439 potest.)

93 455 233 535 quid
277 456 338 513 in
378 456 713 515 universum
750 463 949 531 gentes
998 451 1145 509 circa
1194 469 1386 507 mores
1427 460 1487 508 et
1535 453 1822 511 senserint
1856 464 1915 511 et
1939 452 2210 512 fecerint„

94 551 490 630 Corruptionis
524 547 728 608 scholae
764 556 933 605 erant
958 546 1217 626 ipsorum
1247 544 1475 602 theatra
1510 555 1684 624 atque
1717 546 2056 625 spectacula
2077 546 2207 628 (1).)>

91 645 391 704 fornicatio
417 664 603 724 neque
633 643 782 699 inter
812 640 952 700 vitia
985 639 1221 720 quidem
1253 636 1661 698 recensebatur
1702 636 1822 716 (2);
1860 641 2202 719 paederastia

91 741 306 821 passim
340 747 565 818 recepta
597 746 721 794 erat
750 734 873 814 (3)3
910 735 1058 793 sicut
1088 745 1148 792 et
1173 733 1487 792 infantium
1523 732 1839 813 expositi0‚
1875 744 2024 810 ete.·‚
2059 735 2203 795 adeo

92 845 158 892 ut
195 833 410 915 pudeat
449 852 554 889 nos
597 841 686 889 tot
732 829 1061 888 truculenta
1111 840 1170 888 et
1211 827 1462 888 nefanda
1519 827 1611 887 vel
1651 827 1984 887 meminisse
2008 872 2026 902 .‚
2075 851 2210 909 quae

93 939 288 986 tamen
311 924 546 1007 publico
571 946 678 983 usu
700 923 1235 984 cohonestabantur
1258 945 1322 982 ac
1343 924 1485 1005 ipsis
1519 921 1743 1002 legibus
1772 920 2201 982 sanciebantur.

171 1022 268 1081 59.
316 1022 418 1079 His
448 1021 644 1101 itaque
677 1019 887 1079 leviter
926 1019 1286 1079 adumbratis
1309 1064 1325 1093 ,
1368 1030 1541 1100 turpe
1577 1019 1793 1099 quippe
1837 1018 1985 1076 foret
2020 1018 2083 1075 in
2118 1016 2215 1076 his»

91 1115 303 1174 diutius
340 1115 670 1191 immorari,
709 1115 789 1174 sic
821 1115 1080 1175 breviter
1122 1125 1533 1193 argumentum
1572 1113 2003 1195 adstringimUS.
2043 1113 2209 1185 Quae-

87 1231 313 1290 cunque
344 1209 585 1268 demum
617 1210 692 1268 sit
731 1210 1004 1268 hum‘anae
1039 1209 1281 1268 rationis
1320 1209 1444 1284 vie,
1488 1208 1610 1268 sive
1651 1208 1715 1266 in
1752 1228 1893 1267 vero
1932 1227 1997 1265 ac
2034 1205 2210 1285 digno

86 1308 205 1363 Deo
240 1304 400 1362 cultu
448 1303 1015 1379 decernend0‚'sive
1065 1305 1128 1361 in
1178 1323 1331 1361 sanae
1375 1302 1592 1362 ethices
1642 1302 1941 1383 principiis
1987 1322 2211 1382 expen-

90 1398 332 1472 dendiS‚
370 1419 544 1479 quam
586 1399 728 1458 adeo
772 1410 830 1457 et
871 1398 1068 1457 deistae
1102 1409 1163 1456 et
1206 1397 1582 1457 rationalistae
1630 1395 1955 1469 extollunt3
1993 1395 2213 1454 factum

91 1503 288 1553 tamen
328 1504 416 1552 est
456 1492 789 1573 publicum,
834 1491 1162 1554 universale
1197 1503 1256 1551 et
1297 1502 1603 1566 constan3‚
1650 1513 1756 1572 per
1798 1491 1965 1573 plura
2009 1488 2214 1549 saecula

92 1587 321 1645 nullum
354 1587 638 1668 populum
658 1633 673 1662 7
695 1588 817 1649 sive
843 1586 1159 1645 barbarum
1183 1587 1305 1646 sive
1328 1587 1622 1646 excultum
1639 1632 1655 1660 7
1691 1585 1976 1668 quamdiu·
1996 1584 2216 1646 revela—

91 1685 249 1741 tione
274 1681 585 1741 destitutus
619 1682 728 1743 fuit
750 1728 765 1757 .,
806 1693 936 1740 tum
970 1681 1192 1740 cultum
1214 1727 1230 1755 7
1269 1683 1368 1762 qui
1404 1686 1525 1741 Deo
1556 1682 1764 1761 dignus
1793 1691 1943 1740 esset
1968 1725 1994 1754 ,.
2021 1679 2215 1739 eidem

94 1777 418 1838 exhibuisse
438 1824 453 1852 7
491 1789 624 1836 tum
645 1779 706 1835 in
750 1779 1117 1858 turpissimos
1147 1798 1370 1836 errores
1395 1788 1596 1836 contra
1626 1799 1779 1836 sanae
1804 1777 2019 1835 ethices
2045 1776 2214 1856 prin-

95 1873 241 1952 cipia
268 1872 608 1953 prolapsum
639 1893 762 1929 non
791 1872 986 1931 fuisse.
1016 1871 1416 1930 Necessarium
1442 1871 1618 1950 igitur
1643 1881 1731 1929 est
1759 1870 2022 1929 medium
2054 1867 2215 1927 aliud

94 1988 266 2046 supra
291 1966 611 2023 humanam
635 1967 923 2024 rationem
962 1965 1219 2046 positum
1244 1965 1319 2024 ad
1340 1965 1608 2024 homines
1637 1976 1792 2024 recte
1815 1961 2207 2022 instituendos

93 2061 213 2121 sive
257 2060 400 2118 circa
447 2059 669 2117 cultum
707 2060 828 2119 sive
875 2060 1020 2117 circa
1064 2080 1271 2117 mores,
1307 2062 1444 2117 Jam
1489 2080 1637 2119 vero·
1676 2059 1835 2116 istud
1874 2057 2034 2115 aliud
2083 2079 2209 2118 esse

95 2175 216 2211 non
241 2165 432 2233 potest
453 2154 559 2210 nisi
589 2152 1027 2233 supernaturale
1051 2163 1224 2233 atque
1249 2152 1518 2211 divinum
1540 2197 1555 2227 ‚
1589 2173 1691 2211 seu
1714 2152 1879 2233 quod.
1896 2151 2054 2210 idem
2076 2163 2207 2211 est:

95 2249 175 2306 Ex
203 2269 268 2305 eo
307 2245 464 2328 quod
493 2246 689 2304 nullus
722 2246 977 2328 populus
1002 2246 1201 2307 divina
1229 2247 1587 2309 revelatione
1619 2247 1932 2306 destitutus
1970 2245 2214 2324 dignum

95 2345 215 2401 Deo
251 2341 472 2400 cultum
507 2341 836 2400 exhibuerit
859 2387 874 2415 .,
926 2352 1099 2422 atque
1137 2341 1525 2415 inrabsurdos
1564 2351 1765 2400 contra
1803 2360 1955 2398 sanae
1997 2340 2213 2400 ethices

95 2437 375 2518 principia
412 2458 631 2495 errores
674 2436 942 2518 delapsus
993 2458 1115 2494 non
1153 2436 1329 2495 fuerit
1356 2481 1374 2511 2
1411 2441 1543 2513 jure
1595 2435 1847 2494 infertur
1891 2434 2106 2496 divinae
2148 2455 2215 2493 ac

98 2531 549 2611 supernaturalis
606 2531 975 2591 revelationis
1024 2531 1354 2590 necessitas·
1404 2531 1552 2589 Huic
1590 2541 1785 2590 autem
1827 2529 2216 2610 propositioni

99 2630 282 2704 majus
320 2624 500 2685 robur
532 2625 749 2684 accedit
785 2647 857 2686 ex
894 2625 1391 2686 demonstratione
1434 2626 1728 2707 sequentis
1770 2624 2203 2707 propositionis,

912 2844 1398 2890 DIFFICULTATES.

186 2985 284 3044 60.
331 2985 462 3064 Ohj.
499 2986 561 3044 10
597 2986 958 3066 Praecipuum
989 2985 1369 3044 humanitatis
1400 2982 1784 3060 attributum,
1817 3005 1932 3066 quo
1963 3006 1996 3043 a
2025 2972 2212 3043 brutis

111 3080 356 3140 maxime
383 3082 505 3162 ipsa
541 3081 860 3140 secernitur
880 3125 896 3155 .,
931 3091 1018 3139 est
1033 3081 1495 3161 perfhotz'bz'lz'tas
1510 3104 1529 3146 ;
1562 3079 1699 3139 hinc
1720 3078 1854 3139 licet
1877 3078 2213 3160 aliquandiu

177 3267 247 3328 (1)
273 3266 388 3316 Satis
416 3280 483 3318 est
509 3271 746 3320 consulere
774 3270 950 3319 Tertnl.
994 3270 1129 3335 Apo-
1282 3270 1349 3335 (2)
1386 3269 1621 3335 Epictetus
1637 3306 1650 3330 ‚
1670 3267 1955 3317 Euchiridii
1973 3305 1986 3330 ,
2006 3285 2107 3333 cap.
2126 3265 2211 3332 47.

114 3346 247 3412 quet.
274 3366 376 3414 cap.
419 3350 476 3399 15
499 3362 627 3411 ‚tum
644 3354 910 3412 orationes,
945 3368 1058 3417 quas
1081 3350 1132 3399 in
1281 3351 1343 3416 (3)
1380 3352 1487 3401 Aul.
1523 3350 1641 3401 Geli.
1672 3351 1709 3399 l.
1752 3367 1864 3400 xvm
1878 3385 1896 3412 ‚
1924 3366 2028 3415 cap.
2070 3365 2099 3397 2
2121 3386 2134 3409 ,
2170 3357 2214 3397 et

111 3429 287 3479 theatra
315 3432 453 3480 habet
474 3431 524 3481 S.
549 3432 686 3482 Joan.
724 3434 958 3500 Chrysost.
989 3433 1121 3482 Certe
1202 3435 1237 3482 l.
1282 3448 1360 3481 xlx
1380 3470 1394 3493 ‚
1419 3450 1521 3498 cap.
1557 3450 1574 3481 1
1592 3450 1608 3481 1
1632 3449 1649 3496 ς
1683 3432 1919 3482 Plutarch.
1957 3433 2009 3479 in
2040 3444 2200 3496 opusc.

110 3513 209 3576 ipso
258 3512 443 3561 Gibbon
489 3514 655 3564 fatente
674 3552 688 3576 ,
745 3517 978 3565 theatrum
1028 3523 1123 3563 erat
1202 3513 1274 3564 De
1303 3513 1466 3564 liberis
1499 3514 1762 3563 educandis
1784 3550 1798 3575 ,
1835 3524 1940 3564 ante
1978 3512 2064 3561 fin.
2097 3526 2205 3575 opp·

110 3610 233 3641 unus
254 3609 310 3641 ex
325 3595 492 3654 titulis,
513 3596 684 3661 quibus
699 3607 908 3662 poterant
922 3596 1121 3646 Romani
1204 3606 1318 3646 tom.
1352 3613 1402 3646 11.
1437 3595 1619 3646 Parisiis
1641 3630 1657 3660 ,
1695 3592 1840 3658 1624.

115 3673 363 3724 divortium
388 3676 537 3726 facere
566 3693 673 3726 cum
699 3681 876 3743 propria
910 3696 1071 3728 uxore.
