2554 4140
2089 144 2212 202 325.

674 164 830 201 PROP.
879 163 938 201 X.
984 163 1054 200 DE
1097 161 1312 200 STERIL.
1363 162 1616 200 PROTEST.

174 303 316 362 252.
365 305 635 384 Sequitur
665 306 733 362 20
770 308 1200 377 protestantes,
1236 304 1282 360 si
1316 303 1741 364 fundamentali
1793 316 1968 386 atque
2008 326 2207 365 essen-

98 398 220 456 tiali
250 399 674 458 reformationis
708 399 993 480 principio
1028 397 1103 460 de
1139 398 1479 463 omnimoda
1508 399 1744 480 spiritus
1783 401 1996 482 privati
2033 400 2204 461 inde·

95 493 410 572 pendentia
454 493 713 572 religiosa
754 494 817 551 in
858 492 1032 552 rebus
1066 490 1209 549 'fidei
1235 491 1550 552 *adhaerere
1593 493 1819 567 velint',
1881 516 1990 554 nec
2033 517 2210 575 posse

93 587 394 647 missiones
424 586 910 669 instituereapud
939 583 1221 644 infideles,
1261 584 1506 643 Sissenim
1535 590 1935 669 unusquisque
1961 593 2058 666 jus
2096 589 2210 648 ha-

92 680 194 740 bet
231 702 301 740 ex
340 682 513 741 sacris
547 681 754 742 litteris
785 680 897 739 sibi
936 677 1191 738 cudendi
1228 676 1568 758 religionem
1588 725 1604 750 .,
1655 704 1777 741 non
1818 696 2063 764 possunt
2092 686 2208 765 ipsi

91 776 203 834 nisi
236 775 414 836 biblia
445 778 782 858 porrigere,
818 795 884 833 ac
916 774 1107 833 dicere
1147 794 1375 854 pagano
1416 795 1431 832 ε
1477 775 1628 833 Hinc
1666 774 1774 834 tibi
1812 778 2023 858 'effinge
2070 780 2208 839 reli-

91 871 356 950 gionem,
397 892 534 930 cave
564 882 765 930 tamen
799 890 874 928 ne
908 867 1039 927 filiis
1079 869 1194 929 tuis
1231 866 1429 928 tradas
1468 890 1535 928 ea
1571 890 1699 951 quae
1742 869 2029 948 didicisti,
2074 896 2211 934 cum

92 966 299 1026 eodem
328 971 462 1044 jure
506 975 565 1023 et
595 965 708 1045 ipsi
744 963 1014 1022 fruantur
1052 962 1162 1022 sibi
1207 964 1505 1044 propriam
1545 963 1801 1024 cudendi
1842 965 2202 1045 religionem.

91 1061 258 1121 Addo
277 1082 388 1121 nec
410 1082 579 1142 posse
605 1061 760 1142 ipsos
786 1060 1079 1119 affirmare
1107 1059 1391 1120 volumen
1415 1105 1432 1134 7
1465 1060 1624 1142 quod
1653 1060 1895 1120 tradunt
1916 1108 1932 1137 .‚
1961 1063 2211 1124 verbum

90 1156 196 1214 Dei
232 1177 446 1237 purum
482 1156 782 1214 continere
805 1198 824 1226 ,
862 1176 996 1213 cum
1030 1154 1484 1236 uniuscujusque
1525 1156 1743 1236 pariter
1784 1156 1860 1214 sit
1885 1201 1902 1230 .,
1932 1179 2072 1223 ,non
2108 1180 2211 1217 so-

88 1247 212 1309 lum*
236 1250 496 1328 judicare
535 1250 607 1308 de
630 1271 802 1323 sensu
836 1250 1018 1308 Sacrae
1055 1248 1368 1328 Scripturas
1388 1294 1404 1323 7
1439 1248 1542 1308 sed
1569 1271 1641 1308 ex
1686 1247 1892 1309 eodem
1925 1252 2212 1333 principio

92 1357 371 1425 praeterea
428 1343 759 1426 expendere
813 1345 1056 1425 quinam
1108 1342 1244 1402 libri
1303 1345 1542 1423 genuini
1585 1345 1735 1421 sint,
1781 1347 2022 1427 quinam
2059 1348 2213 1409 divi-

90 1440 247 1498 nitus
287 1440 588 1521 inspirati,
641 1461 788 1501 num
850 1438 1064 1516 integri
1108 1428 1266 1511 sint,
1319 1460 1466 1497 num
1518 1438 1738 1520 aliquid
1789 1426 2080 1518 adJectum
2126 1444 2208 1502 eis

88 1535 265 1592 fuerit
300 1534 395 1595 vel
431 1533 794 1607 detractum3
837 1532 1097 1613 alioquin
1126 1542 1328 1591 contra
1359 1533 1664 1614 proprium
1690 1535 2044 1616 principium
2072 1558 2212 1596 exa-

88 1629 263 1686 minis
297 1649 358 1687 se
401 1640 670 1707 gererent
696 1675 712 1703 ,
762 1638 820 1687 et
857 1627 1092 1709 propria
1141 1627 1486 1687 auctoritate
1533 1629 1908 1709 imponerent
1947 1631 2208 1705 infideli;

89 1745 220 1781 cum
248 1734 458 1782 notum
492 1724 567 1782 sit
603 1745 674 1783 ex
709 1724 909 1804 dictis·7
950 1723 1148 1805 plures
1182 1727 1575 1784 protestantes
1608 1725 1767 1785 hunc
1807 1726 1904 1787 vel
1938 1726 2104 1786 illum
2136 1728 2211 1786 li-

89 1817 262 1877 brum
284 1864 300 1893 ,
332 1818 486 1879 hanc
513 1819 608 1880 vel
642 1819 803 1879 illam
840 1819 1075 1897 alicujus
1111 1818 1249 1878 libri
1289 1831 1518 1900 partem
1555 1822 1825 1899 reficere,
1871 1844 2082 1902 negare
2117 1823 2210 1881 di·-

91 1914 289 1974 vinam
312 1915 755 1996 inspirationem
779 1960 795 1989 ,
827 1926 938 1974 etc.
964 1958 982 1990 ‚
1009 1923 1069 1973 et
1099 1915 1339 1996 quidem
1362 1937 1433 1974 ex
1463 1916 1754 1998 principio
1779 1917 2210 1977 fundamentali

18 2041 20 2043 ·
91 2011 575 2068 Protestantismi.
619 2011 758 2083 Quae
786 2032 922 2069 cum
953 2010 1032 2074 ita
1058 2010 1178 2068 sint
1199 2055 1214 2084 ,
1250 2011 1364 2069 nisi
1396 2013 1864 2071 Protestantismi
1899 2014 2211 2073 essentiam

90 2103 473 2182 destruend0‚
519 2117 822 2187 nequeunt
855 2106 1116 2166 haeretici
1148 2105 1239 2165 vel
1276 2128 1456 2165 unam
1485 2102 2206 2188 operarieonversionem.

170 2200 312 2258 253.
362 2201 631 2281 Sequitur
675 2200 741 2259 30
778 2203 1114 2260 societatem
1158 2199 1473 2276 biblicam„
1522 2203 1668 2261 dum
1713 2224 1873 2263 sacra
1910 2203 2209 2263 volumina

93 2294 369 2355 diffundit
412 2295 486 2354 ad
526 2297 960 2360 conversionem
994 2295 1356 2370 infidelium,
1390 2295 1688 2357 destruere
1717 2298 2071 2380 principium
2116 2319 2209 2357 es·-

95 2570 328 2619 catholicis
365 2580 410 2619 et
441 2570 681 2635 publicum
724 2571 899 2619 ibidem
939 2574 1109 2620 exerei-

91 2657 206 2702 tium
242 2657 312 2703 sui
351 2654 521 2702 cultus.
551 2652 606 2701 8ο
636 2654 907 2702 Distributio
949 2664 1107 2702 tracta·

92 2743 224 2782 tuum
252 2746 296 2784 et
323 2736 544 2784 editiones
569 2735 793 2782 librorum
817 2772 830 2793 ‚
857 2737 907 2782 in
939 2735 1110 2800 quibus

89 2816 307 2865 doctrinae
330 2819 601 2865 distinctivae
626 2816 970 2865 Catholicorum
990 2810 1109 2881 (difss

92 2899 292 2947 formatae
309 2935 322 2957 ‚
338 2909 389 2946 ut
414 2898 721 2962 supponitur)
741 2935 754 2961 ‚
778 2909 823 2947 et
850 2898 1106 2947 Protestan-

95 2982 209 3027 tium.
240 2997 336 3028 non
363 2982 460 3027 sine
493 2982 690 3044 strepitu
721 2980 1003 3043 traduntnr3
1032 2981 1106 3029 bi-

90 3061 330 3109 bliothecae
347 3062 571 3109 librorum
591 3065 947 3125 protestantium
966 3099 979 3118 ,
1007 3078 1108 3128 quae

92 3144 308 3191 omnibus
330 3153 530 3208 pateant.
559 3143 932 3209 901ncitamenta
967 3155 1011 3193 et
1032 3161 1109 3192 ex-

92 3223 373 3270 hortationes
387 3223 440 3270 ad
457 3223 822 3286 amplectendam
840 3225 1107 3287 religionem

92 3314 429 3368 protestantem.
460 3314 538 3352 10⁰
569 3304 840 3355 Theoretica
857 3306 1106 3354 confirma-

94 3388 155 3433 tio
195 3386 513 3451 proselytismi.
565 3387 765 3452 Quidam
809 3389 1064 3438 Protestans
1094 3425 1106 3447 ‚

102 3467 304 3516 Thomas
333 3479 627 3534 nuncupatus
660 3506 673 3528 ‚
709 3472 909 3535 appellat
938 3473 994 3520 ad
1030 3472 1108 3521 Je-

102 3567 202 3598 sum
219 3587 231 3604 ‚
251 3551 307 3598 ad
326 3550 565 3614 Apostolos
587 3589 599 3611 ‚
623 3556 874 3616 praesertim
891 3553 1106 3613 Paulum,

103 3629 160 3677 ad
193 3631 507 3681 reformatores
544 3633 695 3682 saeculi
721 3652 799 3682 xvr
840 3645 881 3682 et
914 3636 970 3683 ad
1000 3638 1108 3683 mis-

1191 2573 1414 2622 sionarios
1465 2570 2031 2636 evangelico-christianos
2058 2608 2075 2634 ‚
2123 2576 2205 2639 qui

1191 2650 1567 2720 proselytismum
1601 2655 1929 2702 commendant
1957 2665 2000 2702 et
2030 2655 2208 2702 confir-

1191 2746 1338 2784 mant.
1372 2753 1387 2783 1
1406 2748 1448 2783 1⁰
1463 2736 1755 2783 Matrimonia
1773 2738 1915 2783 mixta
1939 2738 2060 2784 inter
2088 2736 2200 2785 Pro-

1190 2828 1406 2865 testantes
1435 2828 1479 2866 et
1502 2817 1762 2866 Catholicos
1782 2855 1795 2877 ,
1816 2833 1919 2883 quae
1935 2815 2002 2866 illi
2021 2835 2204 2867 summo

1190 2900 1342 2947 studio
1358 2917 1626 2964 promovere
1646 2909 1856 2965 satagunt
1871 2902 1920 2947 in
1936 2900 2200 2963 regionibus

1191 2983 1437 3044 praesertim
1495 2981 1752 3029 catholicis.
1810 2989 1890 3027 ια’)
1935 2980 2195 3030 Innumeras

1188 3080 1330 3127 prope
1343 3063 1659 3127 ephemerides
1682 3101 1695 3123 ,
1715 3066 1764 3112 in
1789 3063 1961 3129 quibus
1978 3066 2125 3127 agitur
2145 3064 2204 3113 de

1188 3146 1411 3209 religione
1433 3183 1445 3205 ‚
1493 3145 1606 3194 adeo
1647 3155 1699 3194 ut
1737 3148 1943 3211 ipsorum
1977 3146 2206 3210 theologia

1191 3229 1332 3291 possit
1344 3226 1434 3273 dici
1447 3226 1674 3291 theologia
1688 3221 2199 3293 ephemeridumerout

1190 3310 1366 3356 notavit
1393 3307 1461 3355 De
1481 3307 1657 3358 Starck.
1687 3309 1768 3357 13⁰
1801 3309 2002 3358 Demum
2018 3310 2196 3358 calum-

1192 3392 1282 3437 niae
1300 3426 1314 3448 ,
1344 3390 1560 3451 dicteria,
1593 3397 1687 3439 etc'.
1709 3391 1880 3457 quibus
1907 3391 2068 3456 putide
2098 3389 2210 3438 reli-

1193 3475 1377 3538 gionem
1397 3472 1668 3520 catholicam
1691 3474 1866 3539 ubique
1891 3475 2204 3530 insectantur3

1196 3566 1240 3603 et
1262 3565 1415 3603 tamen
1439 3557 1644 3621 quotidie
1664 3556 1906 3614 deficiunt,
1927 3564 1973 3603 et
1986 3554 2204 3603 Ecclesiae

1196 3637 1422 3686 catholica
1448 3648 1721 3704 propagatur
1750 3648 1795 3686 et
1821 3639 1995 3686 erescit.
