2554 4140
699 132 850 169 paor.
900 132 958 167 x.
1010 132 1078 166 nn
1122 129 1327 171 smmi.
1379 128 1634 171 Psoi-EST·
2106 107 2224 167 323

103 288 260 352 sunt,
275 287 334 335 et
348 275 506 334 unde
519 285 721 357 postea
737 274 811 334 ab
827 273 1102 355 Europeis
1117 272 1283 348 ejecti
1298 270 1408 351 (l).
1427 275 1626 354 Nuper
1641 282 1922 353 praeterea
1938 272 2061 352 ipse
2077 274 2224 331 Prae-

105 392 196 432 ses
212 415 229 444 7
255 370 387 429 licet
411 381 741 452 protestans
762 415 778 443 7
811 367 1249 450 provinciarum
1277 365 1696 429 foederatarum
1712 366 1775 426 in
1797 366 2054 426 Amerina
2082 387 2226 447 pro·-

106 467 293 526 movit
322 464 606 543 ejusmodi
636 464 940 524 missiones
971 457 1406 521 Catholicorum
1426 506 1442 532 7
1477 482 1610 541 quae
1628 466 1752 537 jam
1775 481 2047 547 magnam
2070 460 2230 519 fruc-

107 573 275 619 tuum
304 560 530 641 copiam
559 559 914 640 producunt.
952 554 1118 617 Idem
1155 551 1386 611 dicatur
1413 553 1487 612 de
1518 554 1888 616 missionibus
1926 555 2230 616 catholicis

111 655 269 738 apud
293 655 467 714 Indos
496 653 840 728 orientales;
876 654 946 710 D.
987 647 1305 708 Buchanan
1339 646 1557 707 fatetur
1589 671 1909 729 paucorum
1933 672 2229 710 annorum

110 750 298 832 spatio
329 772 450 808 non
478 746 846 808 obstantibus
878 744 1017 803 diris
1045 740 1544 824 persecutionibus
1569 743 1631 801 in
1653 743 1840 803 insula
1871 745 2070 805 Ceilan
2095 767 2236 805 auco

111 856 240 903 tum
264 866 388 905 esse
411 863 725 902 numerum
744 838 1175 901 catholicorum
1205 838 1281 896 ad
1305 837 1533 911 507000
1554 882 1570 912 7
1603 837 1746 896 dum
1769 840 2070 900 missiones
2087 844 2234 902 Pro-

115 942 454 999 testantium
469 937 712 996 omnino
728 935 1070 995 defecerunt
1085 935 1196 1015 (2).
1218 933 1503 993 Eumdem
1519 932 1743 992 habent
1757 935 1981 995 exitum
2003 937 2233 997 missio—

115 1057 220 1094 nes
243 1036 533 1106 sinenses3
567 1032 673 1090 etsi
692 1032 788 1091 vix
802 1052 1064 1112 unquam
1088 1030 1168 1088 ibi
1187 1031 1476 1110 quieverit
1496 1031 1853 1112 persecutio,
1885 1042 2149 1092 attamen
2162 1033 2236 1092 ab

103 1149 269 1189 ⁴anno
298 1127 454 1188 1800
471 1128 546 1186 ad
567 1126 720 1198 1827
740 1137 1131 1185 numerantur
1152 1125 1383 1200 227000
1407 1123 1762 1207 baptismate
1786 1125 2002 1186 initiati
2027 1129 2090 1185 in
2113 1126 2236 1188 sola

113 1224 413 1306 provincia
436 1223 691 1282 Sucinen
713 1221 833 1300 (3),
854 1231 1030 1303 atque
1056 1222 1136 1279 ita
1159 1242 1282 1280 non
1307 1220 1574 1279 dissimili
1605 1220 1724 1280 fere
1750 1221 1924 1280 modo
1946 1236 2237 1302 augentur

115 1321 179 1379 in
212 1319 336 1379 aliis
373 1318 685 1400 provinciis
715 1317 975 1396 ejusdem
1005 1317 1236 1397 imperii
1266 1316 1466 1375 Kansii
1497 1327 1558 1375 et
1591 1314 1932 1379 Kaukowan
1960 1364 1976 1393 7
2021 1317 2243 1379 Zokien

118 1427 177 1475 et
214 1416 448 1491 Kiansi7
498 1415 728 1472 Canton
763 1423 822 1471 et
864 1412 1123 1470 Kouansi
1148 1455 1167 1485 7
1209 1430 1338 1491 quae
1377 1411 1725 1471 excoluntur
1754 1433 1786 1471 a
1828 1413 2106 1493 religiosis
2138 1416 2239 1475 di·-

120 1530 423 1570 versorum
453 1505 743 1566 Ordinum
768 1504 865 1564 vel
892 1527 922 1563 a
947 1503 1358 1566 Sacerdotibus
1379 1504 1782 1578 saecularibus3
1824 1507 1982 1566 idem
2014 1530 2243 1570 succes-

121 1625 216 1663 sus
232 1605 294 1662 in
309 1602 621 1684 provinciis
643 1600 813 1660 Tibet
833 1645 849 1673 7
875 1599 1155 1675 Tunkini7
1175 1600 1238 1658 in
1261 1621 1439 1679 regno
1465 1601 1658 1660 Cocini
1677 1646 1692 1674 7
1721 1602 2034 1662 Siamensis
2055 1650 2071 1679 7
2102 1617 2238 1681 etc.7

124 1710 183 1758 et
221 1697 439 1756 ibidem
471 1699 690 1778 pariter
726 1706 971 1756 conatus
1012 1697 1468 1755 Protestantium
1497 1696 1646 1755 irriti
1673 1699 1915 1756 omnino
1958 1711 2133 1775 suut7
2163 1702 2243 1760 ita

124 1805 191 1852 ut
215 1814 291 1852 ne
314 1814 501 1852 unum
524 1793 761 1874 quidem
783 1792 1065 1851 hactenus
1091 1791 1164 1851 ad
1198 1791 1539 1871 religionem
1563 1791 1943 1852 christianam
1970 1795 2241 1856 adduxe-

124 1890 267 1947 rint.
319 1888 568 1961 Quidam
609 1890 944 1947 Protestans
993 1888 1193 1947 Scotus
1238 1886 1311 1947 ab
1355 1886 1519 1945 India
1557 1908 1823 1947 reversus
1861 1911 1875 1947 :
1915 1890 2240 1951 Neminem

125 1989 267 2043 novi
285 2027 308 2055 ,
365 1984 557 2066 inquit
585 2028 600 2058 7
667 1986 922 2062 exceptis
967 1986 1375 2043 missionariis
1420 1984 1723 2043 catholicis
1740 2030 1758 2053 ,
1809 1990 1926 2063 qui
1967 2000 2246 2065 operetur

123 2083 526 2138 conversiones
564 2078 675 2158 (4).
720 2080 790 2139 Et
816 2078 941 2140 haec
975 2077 1259 2138 delibasse
1304 2078 1550 2138 sufficiat
1589 2078 1664 2136 ad
1705 2079 2139 2141 ostendendum
2170 2105 2243 2143 ex

125 2175 484 2235 confessione
499 2186 561 2234 et
576 2175 738 2234 factis
759 2175 1020 2256 ipsorum
1048 2175 1507 2234 Protestantium
1526 2174 1838 2234 discrimen
1858 2177 2064 2256 ingens
2090 2178 2246 2238 inter

121 2271 380 2331 fructum
408 2291 474 2330 ac
497 2271 723 2331 exitum
754 2271 1101 2331 missionum
1134 2269 1567 2330 Catholicorum
1593 2282 1652 2330 et
1674 2271 2132 2333 acatholicorum
2153 2276 2245 2359 (5)

123 2366 340 2447 ubique
378 2368 638 2447 gentium
677 2378 737 2426 et
765 2367 972 2447 quovis
999 2377 1285 2448 tempore.

205 2463 345 2523 250.
391 2462 494 2521 His
515 2462 876 2536 constitutis·7
907 2462 985 2521 sic
1010 2474 1427 2541 argumentum
1453 2473 1724 2521 nostrum
1749 2465 2197 2546 perstringimus
2224 2492 2239 2528 2

127 2559 240 2618 Ubi
268 2560 355 2619 vis
393 2558 675 2616 naturalis
717 2568 804 2617 est
842 2558 1133 2632 maxima7
1179 2558 1418 2616 effectus
1455 2570 1651 2616 autem
1684 2559 1965 2617 mini-mus
1989 2606 2004 2633 7
2048 2573 2110 2620 ct
2147 2563 2248 2622 ubi

127 2656 215 2714 vis
253 2652 536 2714 naturalis
571 2664 658 2711 est
692 2652 937 2710 minima
959 2697 974 2724 7
1032 2652 1270 2710 effectus
1316 2662 1512 2710 autem
1548 2654 1848 2711 ‘maximus
1879 2699 1895 2726 7
1942 2658 2243 2732 ejusmodo

130 2748 365 2808 effectus
402 2769 433 2805 a
468 2768 635 2805 causa
675 2767 775 2804 seu
812 2746 872 2805 vi
907 2746 1160 2814 naturali
1191 2747 1379 2828 repeti
1416 2746 1577 2805 nulla
1621 2748 1848 2806 ratione
1880 2760 2104 2830 potest3
2151 2765 2246 2812 at-

133 2844 232 2924 qui
260 2864 330 2901 ex
358 2841 770 2900 demonstratis
804 2840 1044 2922 aliisque
1078 2841 1527 2923 quamplurimis
1547 2888 1562 2916 7
1602 2865 1731 2925 quae
1766 2841 2069 2905 brevitatis
2110 2870 2245 2927 gra—

132 2939 210 2996 tia
239 2936 711 3019 praetermisimus
741 2947 798 2994 et
837 2936 1028 2995 afferri
1066 2948 1340 3018 possent,
1379 2949 1642 3012 constat7
1679 2939 1954 2998 omnibus
1993 2964 2251 3023 perpen-

135 3032 209 3090 sis
227 3076 244 3106 7
277 3054 348 3090 ex
374 3042 539 3112 parte
564 3033 1017 3095 Protestantium
1042 3033 1163 3092 vim
1189 3054 1287 3091 seu
1310 3054 1538 3092 causam
1564 3034 1893 3093 naturalem
1921 3039 2241 3097 maximam

131 3149 255 3186 esse
275 3172 290 3200 7
321 3127 440 3185 sive
465 3148 742 3186 numerus
771 3128 1266 3187 missionariorum
1295 3139 1590 3209 spectetur
1611 3174 1627 3202 7
1656 3118 1775 3191 sive
1801 3130 2054 3193 subsidia
2077 3179 2092 3208 7
2127 3135 2248 3194 sive

136 3221 439 3282 commoda
458 3267 474 3297 7
502 3234 612 3282 etc.
632 3267 648 3299 7
684 3211 991 3282 minimam
1027 3244 1163 3282 vero
1191 3245 1261 3283 ex
1289 3235 1455 3306 parte
1482 3224 1912 3287 Catholicorum
1933 3274 1949 3303 7
1977 3230 2249 3290 effectum

171 3492 179 3498 .
205 3454 272 3518 (1)
306 3454 425 3502 lbid.
1227 3459 1545 3523 propaqation
1576 3458 1632 3506 de
1662 3458 1708 3506 la
1735 3460 1839 3524 foi,
1875 3459 2007 3526 Lyon
2047 3458 2191 3512 1830.

204 3537 275 3601 (²2)
313 3538 472 3586 Briet.
507 3539 664 3588 critic.
691 3539 807 3588 Jun.
843 3536 988 3587 1828.
1306 3540 1373 3604 (Ia)
1414 3539 1537 3592 lhid.
1777 3582 1779 3584 .

207 3619 276 3682 (3)
316 3617 535 3669 Annales
568 3620 627 3668 de
662 3618 988 3670 l'association
1021 3619 1077 3669 de
1106 3619 1154 3668 la
1310 3624 1383 3688 (5)
1422 3623 1560 3675 Cous.
1590 3624 1838 3676 Wiseman
1856 3662 1871 3684 ‚
1900 3625 2007 3675 diss.
2031 3628 2111 3676 cit.

1832 3706 1929 3763 21.
