2554 4140
699 112 854 149 rnor.
904 111 965 150 x.
1014 110 1081 147 ns
1123 108 1626 148 srns1L..1²norEs‘r.
2068 83 2213 143 .321

183 252 326 311 248.
375 253 458 310 Ex
493 251 854 311 confessione
895 252 1286 332 ipsorummet*
1317 249 1771 309 protestantium
1806 249 2219 328 fautorumque

109 346 321 406 harum
345 347 685 405 missionum
710 345 1003 424 ejusmodi
1024 345 1244 403 fructus
1266 355 1399 424 post
1433 356 1522 403 tot
1545 342 1770 404 labores
1801 356 1861 404 et
1884 355 1974 403 tot
1996 342 2220 426 impen-

102 463 193 500 sas
233 440 429 499 nullus
461 452 562 499 aut
597 441 717 500 fere
744 439 938 499 nullus
963 437 1202 497 omnino
1230 447 1352 510 est5,
1391 439 1492 498 vix
1525 439 1685 513 enim
1723 449 2040 498 numerant
2069 460 2222 498 non-

104 535 266 594 nulla
310 517 612 596 individua
665 536 789 615 (1),
843 553 971 614 quae
1011 529 1416 589 commodioris
1466 532 1606 593 vitae‘
1651 532 1933 592 illecebris
1988 532 2224 591 inducta

105 641 244 688 sunt
267 675 282 705 ,
319 629 415 690 vel
444 629 576 710 quia
620 628 863 710 depulsa
898 648 928 684 a
956 624 1205 705 propriis
1240 622 1685 684 contribulibus.
1733 628 1974 708 Ipsimet
2000 629 2228 687 missio*

106 726 259 784 narii
294 726 557 786 animum
585 723 956 805 despondent
983 720 1059 779 ob
1096 721 1342 780 invictas
1373 731 1432 779 et
1463 720 1887 802 insuperabiles
1916 723 2228 783 difficulta-

111 831 200 879 tes
223 866 239 894 7
299 842 441 901 quas
501 820 565 877 in
627 815 1104 877 conversionibus
1154 814 1380 897 ubique
1435 814 1744 875 offendunt
1772 841 1788 889 ς
1853 840 2055 879 omnes
2078 858 2082 862 -
2109 820 2229 880 fere

117 915 417 973 missiones
439 914 501 970 in
527 922 681 970 statu
715 910 1074 970 decrementi
1099 912 1484 970 inveniuntur
1501 954 1517 987 ‚
1550 910 1850 971 nonnullae
1871 916 2106 994 penitus
2129 936 2232 996 pe-

114 1008 361 1068 rierunt.
396 1006 727 1066 Relationes
757 1006 970 1064 horum
1008 1007 1509 1066 missionariorum
1552 1005 1674 1066 fere
1720 1028 1952 1088 semper
1987 1011 2234 1068 reticent

113 1102 517 1163 conversiones
559 1101 735 1159 factas
766 1146 782 1175 ,
821 1112 881 1160 et
924 1122 1043 1160 sese
1087 1100 1418 1160 extendunt
1457 1100 1532 1160 ad
1568 1102 1992 1180 exagerandam
2031 1107 2237 1162 melio-

111 1219 238 1256 rem
258 1197 499 1277 spemin
525 1196 810 1254 futurum.
837 1196 895 1253 Si
919 1196 1219 1255 interdum
1236 1217 1552 1255 numerum
1567 1195 2010 1255 individuorum
2031 1219 2237 1258 recen-

117 1305 286 1366 sent,
333 1292 532 1350 statim
576 1290 649 1348 ab
694 1290 817 1349 aliis
854 1289 1145 1350 mendacii
1186 1295 1530 1370 arguuntur.
1575 1291 1647 1349 Et
1688 1290 1809 1350 haec
1851 1313 1970 1350 non
2014 1291 2077 1351 in
2121 1315 2241 1354 una

118 1387 216 1449 vel
248 1386 427 1446 altera
470 1385 678 1444 mundi
707 1396 874 1466 parte
895 1430 910 1459 .,
948 1407 1072 1444 non
1103 1384 1176 1443 ab
1207 1408 1324 1444 una
1361 1385 1458 1446 vel
1495 1385 1674 1446 altera
1704 1398 1856 1446 secta
1880 1431 1896 1460 ,
1943 1387 2048 1446 sed
2081 1387 2239 1448 idem

122 1483 361 1541 omnino
391 1481 602 1562 plenus
632 1479 888 1539 defectus
915 1480 1205 1560 reperitur
1233 1478 1450 1560 ubique
1481 1489 1804 1555 terrarum,
1835 1480 1937 1539 ubi
1973 1481 2068 1540 isti
2099 1484 2241 1542 mis-

123 1577 385 1649 sionarii,
419 1579 812 1655 cujuscunque
838 1573 1078 1633 demum
1107 1574 1481 1633 consessionis
1511 1597 1612 1634 seu
1647 1587 1814 1635 sectae
1837 1621 1852 1649 ,
1888 1576 2245 1658 appulerunt

119 1681 178 1730 et
205 1691 444 1751 operam
467 1668 892 1750 impenderunt
905 1668 982 1727 ad
998 1668 1326 1728 infidelium
1344 1671 1776 1745 conversioneS,
1799 1670 1943 1731 adeo
1968 1682 2032 1730 ut
2045 1684 2245 1732 auctor

118 1765 494 1825 historiarum
521 1765 872 1824 missionum
897 1765 1354 1846 protestantium
1378 1787 1501 1823 non
1527 1764 1756 1825 dubitet
1778 1766 1864 1824 his
1887 1766 2079 1826 verbis
2103 1790 2248 1827 nara

122 1861 333 1919 rationi
374 1880 490 1918 suae
525 1860 705 1918 finem
740 1880 958 1940 ponere
1003 1881 1015 1917 :
1059 1861 1185 1918 Sul)
1224 1861 1411 1941 finem
1460 1862 1644 1939 hujus
1679 1863 1862 1931 libri,
1900 1867 2077 1942 cujus
2117 1875 2250 1923 erat

123 1977 330 2035 scopus
366 1976 659 2014 enarrare
688 1959 1190 2035 propayationem
1233 1956 1586 2014 christianos
1628 1961 1968 2038 reliqionis,
2012 1963 2250 2019 animos

125 2055 367 2110 omnino
386 2051 879 2130 desponderemus
890 2093 913 2122 ,
944 2053 1000 2108 si
1017 2061 1228 2111 nostroe
1250 2053 1562 2131 reliyionis
1579 2058 1942 2132 propayatio
1958 2056 2251 2133 penderet

126 2169 165 2204 a
199 2167 470 2205 successu
497 2166 743 2225 ope-rum
764 2189 782 2221 ‚
823 2168 955 2224 quoe
990 2146 1276 2205 hactenus
1310 2150 1681 2226 suscepimus
1705 2193 1720 2221 ‚
1765 2170 2013 2227 quoeque
2047 2152 2115 2207 in
2158 2151 2253 2208 his

127 2242 536 2300 voluminibus
566 2242 994 2322 descripsimus
1040 2241 1151 2322 (2).
1199 2242 1332 2300 Non
1371 2242 1565 2300 minus
1598 2253 1799 2324 aperta
1837 2255 1924 2302 est
1967 2243 2250 2305 confessio

131 2358 309 2416 quam
345 2338 413 2394 D.
463 2333 794 2394 Bickerseth
815 2380 830 2409 .,
869 2336 970 2416 qui
1005 2347 1129 2393 erat
1171 2357 1203 2394 a
1237 2338 1470 2396 secretis
1503 2338 1789 2397 societatis
1830 2340 2210 2400 missionariae
2233 2387 2249 2416 .,

129 2429 288 2511 apud
331 2429 639 2489 Ecclesiam
681 2429 1044 2509 anglicanam
1088 2430 1328 2490 exhibet
1379 2432 1442 2489 in
1497 2454 1767 2493 sermone
1828 2456 2005 2515 quem
2049 2435 2256 2494 habuit

133 2546 287 2583 anno
327 2524 517 2598 1823,
547 2524 623 2583 ad
659 2546 841 2586 novos
875 2527 1055 2584 socios
1102 2524 1336 2585 Eboraci
1368 2526 1721 2607 cooptandus
1763 2551 1775 2584 :
1826 2531 2039 2588 Decem
2080 2535 2254 2608 prio-

133 2641 277 2678 rum
307 2640 617 2677 uicinorum
645 2620 906 2678 decursu
924 2665 940 2687 ,
972 2620 1052 2677 ait
1069 2663 1084 2692 ‚
1112 2624 1356 2678 societas
1383 2643 1706 2699 nunquam
1734 2626 2017 2680 notitiam
2041 2624 2261 2682 habuit

139 2716 228 2771 vel
250 2718 434 2773 unius
463 2714 813 2781 individui,
850 2714 1010 2791 quod
1041 2714 1119 2770 ab
1151 2716 1496 2772 idololatria
1537 2719 1850 2774 transierit
1871 2719 1956 2774 ad
1983 2719 2258 2776 christia-

141 2828 286 2867 nam
325 2810 685 2888 reliqionem*
711 2806 819 2886 (3).
864 2808 1007 2866 Post
1045 2811 1269 2888 viqinti
1305 2831 1613 2869 annorum
1649 2812 1903 2880 labores,
1940 2811 2079 2871 alibi
2120 2812 2258 2872 dici-

215 3011 278 3074 (1)
317 3010 457 3060 Cons.
486 3013 567 3062 cit.
588 3010 709 3059 Diss.
737 3013 941 3060 sectione
960 3016 1150 3078 quarta,
1243 3017 1445 3080 ipsorum
1465 3052 1478 3075 ‚
1522 3033 1722 3081 quorum
1747 3018 1943 3066 maxime
1967 3018 2155 3066 interest
2178 3035 2258 3066 ea-

143 3096 225 3145 ubi
253 3098 483 3144 recensitis
511 3097 804 3145 missionibus
831 3099 1086 3166 anglicanis
1112 3101 1162 3145 in
1243 3115 1349 3144 rum
1380 3098 1553 3145 fructus
1599 3098 1852 3162 patefacere
1875 3136 1888 3158 ‚
1926 3099 2137 3161 adductis
2165 3118 2260 3149 cer-

144 3179 288 3226 Indiis
324 3178 644 3239 orientalibus,
697 3180 991 3227 missionibus
1040 3178 1165 3227 Ana·
1247 3182 1432 3228 tissimis
1473 3180 1795 3242 documentis,
1839 3181 2035 3229 ostendit
2076 3181 2260 3230 nullum

142 3261 448 3325 baptistarum
476 3270 519 3308 et
550 3261 961 3325 independentium
995 3265 1045 3309 in
1078 3263 1160 3309 iis·
1247 3262 1320 3310 vel
1343 3279 1462 3326 pene
1494 3260 1676 3309 nullum
1710 3279 1805 3310 esse
1850 3266 2041 3311 istarum
2082 3266 2261 3313 missio-

145 3345 258 3393 dem
287 3343 553 3408 regionibus
575 3382 588 3404 ‚
621 3346 832 3393 omnium
864 3355 1089 3393 sectarum
1116 3349 1167 3394 in
1251 3361 1368 3392 num
1402 3345 1616 3391 omnium
1646 3343 1869 3392 fructum.

146 3425 279 3474 India
306 3436 350 3475 et
374 3425 644 3474 Australasia
665 3464 678 3486 ‚
719 3428 771 3475 in
801 3426 1011 3475 Amet-ica
1044 3429 1165 3478 cirea
1319 3424 1386 3488 (2)
1424 3424 1621 3474 Moraht.
1646 3442 1762 3475 rew.
1802 3424 1925 3492 1817
1945 3462 1957 3485 ,
1975 3444 2075 3491 pag.
2107 3424 2223 3476 252.

146 3500 296 3556 servos
314 3546 327 3567 ‚
357 3510 406 3555 in
433 3507 771 3556 Mediterraneo
792 3545 805 3568 ‚
825 3511 944 3557 inter
971 3508 1164 3559 Calmu-
1317 3506 1382 3568 (3)
1432 3504 1557 3554 York
1588 3505 1778 3555 Herald
1795 3545 1807 3567 ‚
1840 3525 1944 3573 may
1982 3504 2125 3556 1823.

148 3590 288 3651 chos,
324 3600 461 3655 atque
503 3607 563 3638 ex
591 3590 963 3639 confessionibus
1002 3607 1162 3640 eorum

309 3670 372 3727 T.
423 3672 467 3729 1.
1941 3670 2014 3729 21
