2554 4140
421 210 543 246 ou».
595 209 683 245 111.
735 209 801 244 ιιιι
846 208 972 244 nor.
1022 207 1138 246 mv.
1189 206 1258 246 Ac
1301 208 1606 246 samanar.
1657 207 1784 245 nav.
2121 184 2197 242 85

95 348 207 421 353
254 347 347 408 vel
379 348 442 406 50
468 348 867 429 praedictiones
900 343 1201 403 nonnullae
1219 390 1235 418 ,
1276 349 1512 427 propria
1548 369 1749 406 earum
1788 345 2202 426 significatione

91 455 316 502 mutata
330 456 430 502 aut
442 443 694 524 pressius
708 439 949 500 definita
968 483 985 513 ,
1019 438 1093 496 ad
1118 460 1317 497 rerum
1341 452 1621 499 eventum
1635 442 1865 502 inssexae
1883 453 1942 500 et
1962 440 2200 521 singulis

92 537 264 597 rebus
299 540 364 596 in
401 538 550 596 facto
575 534 774 616 positis
810 544 944 614 post
967 542 1247 593 eventum
1273 533 1517 592 demum
1553 537 1873 594 accuratius
1917 536 2202 617 adaptatae

93 645 261 709 sunt,
297 655 355 693 v.
387 654 440 711 g.
479 633 624 689 Dan.
666 629 778 701 IX,
821 626 902 684 24
925 672 941 701 ,
978 628 1071 685 Ps.
1114 629 1276 700 XVI,
1309 626 1440 686 coll.
1478 628 1604 686 Act.
1642 631 1731 701 Il,
1759 629 1837 687 29
1867 641 1926 688 et
1951 652 2073 711 seq.
2110 632 2201 688 Ps.

93 730 285 801 XXII,
317 725 526 796 17-19,
551 721 681 781 coll.
709 723 881 780 Joan.
904 723 1069 794 XIX,
1091 721 1172 781 23
1196 733 1255 782 et
1271 744 1393 803 seq.
1435 723 1596 781 Isai’ae
1623 722 1783 794 LIII3
1812 723 2023 782 Matth.
2064 725 2204 798 XII,

94 822 207 895 40,
249 821 409 892 XVI,
442 818 561 890 21,
605 817 798 890 XVII,
840 817 915 890 93
952 818 1149 892 XXII,
1189 819 1410 890 XXIII,
1463 818 1604 890 XX,
1652 816 1766 889 19,
1819 817 2034 890 XXVI,
2083 817 2201 890 34,

92 916 220 976 coll.
248 916 414 973 Joan.
449 913 590 985 XII,
628 910 705 969 36
734 922 795 970 et
822 932 942 993 seq.
977 912 1115 971 Luc.
1147 913 1318 987 XIII,
1363 911 1477 986 32,
1515 913 1684 970 Joan.
1716 912 1885 984 XXI,
1933 911 2035 968 18.·
2063 913 2203 969 Pos-

93 1025 276 1071 tremo
308 1009 372 1066 6⁰
416 1006 920 1089 quemadmodum
953 1011 1120 1067 Jesus
1158 1009 1281 1091 ipse
1318 1001 1530 1089 parum
1567 1006 1884 1065 honorifice
1919 1004 2204 1083 judicavit

93 1106 162 1165 de
189 1102 567 1162 Hebraeorum
593 1101 824 1165 vatibus
851 1103 1094 1185 (Matth.
1117 1105 1197 1162 XI
1214 1147 1236 1175 ,
1269 1104 1340 1161 11
1363 1128 1380 1177 ,
1409 1104 1546 1162 Luc.
1585 1104 1683 1161 VII
1703 1147 1719 1177 ,
1741 1101 1892 1181 28),
1920 1100 2000 1158 ita
2027 1100 2210 1181 Apos-

90 1197 191 1258 toli
231 1199 705 1259 vaticinationem
749 1197 1054 1258 obscuram
1090 1210 1150 1258 et
1192 1198 1598 1281 imperfectam
1637 1218 1760 1257 esse
1802 1197 1912 1279 ipsi
1956 1195 2207 1277 professi

87 1305 224 1352 sunt
243 1293 292 1372 (Ι
322 1294 452 1352 Cor.
482 1294 651 1366 XIII,
674 1293 710 1350 9
737 1318 753 1366 ,
780 1295 830 1353 II
857 1296 1008 1353 Petr.
1045 1295 1068 1352 I
1091 1339 1107 1368 ,
1153 1295 1226 1355 19
1246 1339 1263 1369 ,
1291 1294 1444 1353 conf.
1478 1296 1602 1354 Act.
1631 1296 1653 1352 I
1677 1339 1693 1367 ,
1718 1293 1804 1373 7).
1827 1292 2208 1351 Omninoau-

87 1401 209 1448 tem
241 1401 517 1470 apparet,
551 1390 619 1447 7o
650 1390 853 1447 Jesum
885 1389 1317 1470 interpretandi
1342 1389 1669 1465 rationem,
1694 1388 1915 1470 quaein
1947 1386 2210 1446 thalmu-

89 1483 228 1542 dicis
269 1495 327 1543 et
359 1482 742 1542 rabbinorum
766 1484 914 1542 sicut
947 1485 1010 1542 in
1036 1482 1298 1543 Philonis
1321 1496 1382 1543 et
1401 1484 1642 1566 Josephi
1671 1483 1898 1564 scriptis
1927 1482 2208 1541 latissime

89 1589 319 1658 regnat,
357 1589 701 1659 sequutum,
739 1590 798 1638 et
827 1600 895 1638 eo
928 1579 1055 1660 ipso
1075 1626 1091 1654 ,
1131 1578 1290 1661 quod
1318 1576 1607 1657 nonnulla
1637 1578 2210 1660 prophetarumora-

88 1673 215 1734 cula
242 1678 363 1752 ejus
389 1674 508 1732 fata
536 1694 745 1755 resque
767 1673 841 1732 ab
872 1695 939 1733 eo
965 1686 1151 1754 gestas
1178 1696 1317 1736 vere
1348 1674 1700 1734 adumbrare
1727 1672 2005 1734 videntur
2022 1717 2041 1746 ,
2073 1672 2208 1731 duc-

84 1780 245 1842 tum,
285 1770 352 1827 V.
399 1770 463 1826 T.
501 1768 675 1827 effata
705 1768 778 1827 de
811 1768 1139 1828 felicissima
1173 1790 1374 1828 rerum
1416 1769 1796 1831 conversione
1833 1780 1893 1827 et
1926 1767 2003 1827 de
2040 1786 2208 1828 novae

85 1863 487 1943 faustiorisque
517 1862 765 1923 civitatis
790 1863 1181 1924 instauratore
1205 1864 1433 1946 aliaque
1452 1909 1468 1939 ,
1492 1863 1864 1947 providentia
1894 1862 2094 1924 divina
2121 1864 2204 1920 ita

87 1956 467 2034 moderante,
506 1956 583 2016 ad
608 1958 866 2039 seipsum
900 1958 1357 2035 traduxisse,'ut
1396 1959 1573 2019 fidem
1599 1959 1814 2019 faceret
1851 1958 2070 2018 Judaeis
2092 2003 2108 2032 ,
2151 1969 2211 2017 et

89 2052 231 2112 ideis
252 2054 513 2134 ipsorum
541 2043 843 2112 Messianis
870 2075 997 2112 suas
1019 2053 1092 2113 de
1123 2076 1303 2134 regno
1333 2054 1588 2135 quodam
1614 2053 1903 2136 spirituali
1930 2074 2035 2135 per
2063 2054 2207 2113 Mes-

90 2148 234 2205 siam
267 2147 574 2206 condendo
614 2147 862 2226 (Matth.
909 2149 1024 2223 XI,
1067 2147 1177 2223 13,
1220 2150 1416 2223 XXII,
1463 2149 1542 2208 32
1576 2160 1636 2208 et
1665 2170 1790 2230 seq..
1825 2150 1959 2207 Lu0.
2003 2149 2202 2222 XVII,

89 2242 168 2300 20
202 2253 262 2300 et
301 2263 421 2323 seq.
464 2244 634 2300 Joan.
690 2244 853 2319 VIII,
891 2244 1001 2318 12,
1050 2245 1271 2318 XVIII,
1310 2244 1459 2325 36.)
1500 2243 1925 2326 prophetarum
1968 2242 2207 2324 quidem

90 2335 256 2395 dietis
284 2337 582 2396 nonnullis
608 2339 717 2417 (Is,
762 2339 844 2415 ΙΙ,
878 2338 1005 2413 2-5,
1037 2342 1148 2414 XI,
1181 2342 1211 2398 1
1243 2351 1302 2399 et
1330 2362 1449 2421 seq.
1486 2341 1674 2414 XLII,
1724 2339 1855 2413 1-4,
1897 2339 2046 2398 Joel.
2089 2341 2204 2414 III,

94 2432 162 2505 13
196 2432 371 2492 Zach.
404 2435 514 2508 III,
546 2433 582 2492 7
608 2445 666 2492 et
690 2455 854 2515 seqq.
885 2435 990 2508 VI,
1030 2435 1136 2492 12-
1143 2434 1252 2509 15,
1279 2436 1414 2495 Mal.
1445 2437 1558 2511 ΙΙΙ,
1590 2436 1619 2493 1
1625 2434 1734 2509 -4,
1761 2437 1869 2513 IV,
1900 2435 1930 2494 1
1962 2445 2022 2494 et
2045 2435 2212 2516 seq.)

84 2531 209 2605 jam
246 2549 383 2588 vere
421 2526 804 2603 adumbrato,
843 2529 1196 2590 adnecteret.
1231 2533 1371 2604 Quae
1416 2552 1547 2593 cum
1584 2532 1666 2589 ita
1703 2532 1855 2607 sint,
1896 2552 2210 2612 argumen-

94 2634 222 2681 tum
251 2644 282 2681 e
311 2624 595 2685 vaticiniis
622 2623 974 2700 deductum,
1014 2638 1125 2684 etc.
1149 2647 1334 2706 3ergo
1364 2626 1474 2707 (1).

174 2718 317 2776 213.
365 2719 543 2800 Resp.
581 2719 755 2778 Cone.
790 2742 939 2799 may.
970 2742 1104 2800 neq.
1127 2743 1279 2780 mvn.
1312 2721 1400 2780 Ad
1428 2723 1508 2779 1m
1539 2721 1707 2803 prob.
1735 2721 1886 2800 Neq.
1926 2721 2211 2780 Mentitur

95 2812 503 2893 Wegscheider
526 2814 670 2872 dum
690 2814 827 2873 talia
850 2815 1131 2890 affirmat3
1163 2816 1431 2897 exemplo
1456 2817 1576 2875 sint
1596 2817 2009 2900 promissiones
2038 2815 2209 2875 Abra-

98 2907 189 2966 hae
213 2909 376 2967 factae
404 2908 588 2987 (Gen.
633 2910 805 2984 XIII,
837 2909 914 2968 63
943 2922 1001 2969 et
1033 2933 1153 2993 seq.
1178 2911 1203 2991 )
1231 2911 1304 2969 de
1327 2912 1686 2991 possessione
1705 2923 1869 2971 terrae
1890 2911 2166 2970 Chanaan
2190 2955 2207 2986 ,

101 3025 331 3061 rursum
361 3003 658 3085 praedictio
698 3005 770 3063 de
803 3006 995 3063 futura
1026 3007 1211 3086 gentis
1242 3007 1707 3088 peregrinatione
1742 3029 1776 3065 a
1806 3028 1867 3066 se
1908 3008 2211 3066 nasciturae

104 3096 166 3154 in
190 3099 499 3179 AEgyptum
520 3144 535 3173 ,
575 3100 649 3158 de
669 3099 824 3158 illius
848 3103 1127 3162 servitute
1153 3122 1259 3183 per
1287 3101 1741 3182 quadringentos
1764 3123 1949 3162 annos
1966 3146 1983 3175 ,
2018 3101 2209 3183 deque

106 3195 225 3269 ejus
259 3191 603 3253 liberatione
643 3196 707 3253 in
746 3206 950 3290 quarta
985 3197 1357 3275 generatione
1391 3196 1572 3277 (ibid.
1624 3199 1723 3257 XV
1748 3243 1764 3273 ,
1800 3197 1877 3257 93
1908 3208 1967 3258 et
2006 3218 2126 3278 seq.
2151 3195 2209 3275 ),

178 3411 238 3472 (1)
275 3409 384 3458 Haec
407 3411 564 3460 eadem
595 3414 688 3462 fere
718 3426 860 3470 sunt,
893 3434 993 3481 quae
1018 3419 1115 3483 jam
1200 3429 1287 3467 art.
1305 3419 1486 3467 Messio
1504 3457 1517 3479 ,
1546 3430 1662 3468 tom.
1692 3437 1832 3483 xxxv3
1864 3436 1922 3468 ex
1950 3435 2044 3485 quo
2066 3427 2213 3484 patet,

109 3493 337 3561 objecerat
361 3495 595 3556 Voltaire‚
630 3497 773 3550 Bible
806 3499 936 3563 enfin
965 3501 1118 3565 expli-
1203 3520 1344 3567 quam
1377 3519 1481 3550 vere
1514 3502 1764 3559 dixerimus
1784 3539 1797 3562 ,
1843 3501 2213 3552 rationalismum

108 3580 219 3640 quee
245 3593 343 3644 pqr
382 3576 628 3642 plusieurs
653 3582 928 3628 aumoniers
968 3582 1025 3629 de
1063 3582 1118 3631 S.
1206 3602 1305 3632 non
1335 3600 1432 3632 esse
1457 3586 1544 3631 nisi
1562 3584 1838 3633 atheismum
1865 3601 1945 3633 seu
1965 3584 2214 3634 theismum

112 3660 191 3707 M.
219 3659 277 3710 C.
294 3660 354 3709 R.
372 3670 418 3709 et
437 3659 693 3724 Questions
717 3678 804 3710 sur
822 3662 1122 3731 l’Encyclop.
1209 3665 1455 3714 lat-vatum.
