2554 4140
326 55 445 114 230
820 92 825 97 «
951 71 1019 106 nn
1062 68 1214 108 VERA
1258 70 1383 106 REL.
1433 70 1567 107 ΜΠ.
1600 71 1800 107 numu.

328 218 425 280 vel
452 225 615 278 tenet
637 211 882 274 Ecclesia
906 259 924 288 ‚
949 213 1221 295 explicite
1240 212 1519 273 credituri
1543 257 1560 288 ,
1590 213 1638 275 si
1664 234 1730 274 ea
1756 233 2026 296 expresse
2052 215 2297 278 Ecclesia
2322 217 2461 278 defi-

330 315 573 374 nivisset
596 309 693 372 vel
721 310 1018 372 definiret.

1129 502 1538 557 PROPOSITIO
1576 503 1671 559 IV.

511 674 785 741 Ecclesia
834 673 1067 734 Christi
1104 683 1189 732 est
1228 694 1359 733 una
1383 715 1406 745 ,
1450 674 1711 734 visibilis
1754 684 1931 752 atque
1963 684 2286 755 perpetua.

419 879 520 939 59.
569 879 677 940 Hic
702 878 872 939 nobis
901 879 964 937 in
998 878 1195 938 animo
1220 899 1344 937 non
1368 889 1457 937 est
1489 899 1660 957 agere
1687 878 1763 940 de
1787 880 1943 939 notis
1978 901 2134 940 verae
2163 879 2427 942 Ecclesiae
2449 923 2468 952 ,

341 975 415 1036 de
446 975 658 1058 quibus
694 997 766 1035 ex
788 973 1048 1056 professo
1078 974 1141 1032 in
1161 983 1417 1032 tractatu
1438 971 1512 1032 de
1539 973 1709 1033 Locis
1733 976 2064 1056 theoloqicis
2094 998 2285 1036 sermo
2310 977 2472 1036 insti-

341 1081 543 1131 tuetur
565 1115 582 1145 ‚
618 1070 722 1130 sed
754 1069 945 1129 solum
978 1089 1075 1129 eas
1103 1067 1450 1128 intrinsecas
1482 1078 1543 1127 et
1568 1069 1901 1131 essentiales
1927 1071 2314 1153 proprietates
2343 1093 2472 1154 per-

344 1165 540 1247 sequi,
576 1186 709 1246 quae
741 1163 819 1223 ad
861 1185 989 1224 rem
1026 1172 1378 1245 praesentem
1416 1162 1640 1222 faciunt
1663 1207 1680 1238 ,
1709 1167 1877 1241 juxta
1907 1164 2257 1227 methodum
2291 1187 2471 1247 quam

343 1259 513 1319 nobis
541 1257 901 1341 praefiximus
929 1257 1006 1318 ad
1032 1258 1464 1341 impugnandos
1491 1257 1900 1320 heterodoxos·

378 1415 380 1418 ,
428 1354 529 1421 60.
581 1355 658 1419 Ut
694 1355 870 1434 igitur
907 1353 985 1417 ad
1015 1355 1387 1437 propositum
1431 1355 1770 1431 veniamuS,
1811 1354 2060 1416 Ecclesia
2100 1366 2191 1417 est
2236 1356 2476 1419 societas

345 1451 420 1512 ab
453 1453 581 1534 ipso
614 1450 846 1511 Christo
881 1450 1153 1512 instituta
1186 1450 1262 1511 ad
1307 1449 1703 1534 profitendam
1739 1450 2080 1531 religionem
2102 1497 2119 1528 ,
2156 1456 2318 1530 cujus
2353 1452 2480 1534 ipse

345 1559 547 1608 auctor
585 1559 675 1608 est
708 1558 770 1608 et
801 1546 1094 1609 invisibile
1124 1558 1321 1629 caput.
1371 1548 1520 1609 Cum
1558 1569 1700 1608 vero
1736 1547 2078 1628 religionem
2107 1547 2371 1612 Christus
2400 1548 2478 1609 ad

349 1665 662 1704 commune
683 1643 997 1704 hominum
1023 1642 1251 1705 bonum
1287 1654 1348 1705 et
1374 1643 1690 1704 utilitatem
1725 1643 2075 1721 instituerit,
2109 1642 2249 1703 hinc
2280 1644 2480 1726 sequi-

350 1751 449 1800 tur
473 1739 633 1821 quod
661 1739 911 1800 Ecclesia
937 1739 1035 1801 vel
1056 1739 1296 1801 societas
1319 1762 1353 1801 a
1377 1739 1607 1801 Christo
1633 1740 1901 1802 instituta
1923 1740 2246 1801 necessario
2269 1738 2483 1801 debeat

346 1857 472 1897 csse
501 1858 634 1896 una
646 1878 670 1908 ,
695 1838 957 1897 visibilis
992 1847 1171 1918 atque
1195 1847 1516 1917 perpetua.

433 1932 533 1992 61.
582 1934 714 1993 Una
736 1931 978 2015 quidem
999 1977 1015 2008 ,
1042 1943 1220 2015 prout
1238 1955 1357 1993 una
1375 1944 1464 1994 est
1478 1932 1679 2014 religio
1695 1977 1714 2009 ,
1737 1954 1860 1995 una
1878 1932 2023 1995 fides
2038 1977 2056 2009 .‚
2088 1953 2267 2015 quam
2291 1931 2482 1993 Chris-

347 2039 443 2087 tus
482 2027 751 2088 homines
770 2027 969 2088 docuit
990 2074 1006 2103 .,
1038 2049 1330 2110 quamque
1362 2029 1487 2111 ipse
1521 2027 1710 2090 voluit
1740 2028 2012 2091 homines
2047 2027 2333 2110 profiteri.
2366 2029 2484 2088 Re-

350 2123 485 2201 ligio
519 2135 718 2183 autem
754 2135 814 2183 et
850 2123 993 2184 fides
1017 2169 1034 2198 ,
1074 2125 1221 2183 sicut
1251 2136 1311 2183 et
1346 2126 1561 2185 veritas
1584 2170 1598 2197 ,
1631 2147 1752 2183 una
1788 2137 1877 2184 est
1914 2146 1979 2183 ac
2018 2122 2388 2182 indivisibilis
2421 2123 2484 2180 in

351 2218 441 2277 sui
477 2220 720 2279 notione
741 2265 757 2294 7
787 2241 896 2278 nec
925 2219 1107 2278 ullam
1145 2220 1368 2301 patitur
1405 2241 1540 2278 cum
1576 2219 1828 2279 falsitate
1863 2231 1924 2278 et
1956 2239 2151 2278 errore
2191 2218 2286 2278 vel
2314 2239 2485 2277 com-

352 2315 701 2374 mixtionem
728 2314 824 2376 vel
852 2315 1308 2375 transactionem
1335 2360 1353 2386 ἢ
1388 2336 1521 2373 cum
1549 2314 1730 2375 altera
1759 2314 2006 2374 alteram
2034 2313 2308 2374 excludat
2325 2360 2341 2388 ,
2379 2336 2486 2376 ve-

353 2410 496 2477 ritas
525 2411 686 2470 enim
705 2456 722 2486 ,
751 2422 820 2469 ut
841 2422 1008 2471 acute
1031 2409 1304 2471 observat
1318 2413 1377 2469 S.
1398 2410 1750 2491 Augustinus
1773 2455 1790 2485 ‚
1816 2422 1905 2470 est
1927 2408 2086 2491 quod
2108 2430 2247 2471 vere
2267 2421 2355 2470 est
2370 2410 2489 2491 (l),

354 2494 575 2566 falsitas
602 2518 800 2567 autem
816 2506 986 2589 *quod
1012 2529 1134 2566 non
1159 2529 1298 2567 vere
1329 2518 1451 2581 est3
1492 2507 1844 2588 quicumque
1869 2517 2179 2588 propterea
2203 2506 2491 2566 recedunt

351 2625 383 2661 a
416 2601 532 2662 fide
567 2624 748 2684 quam
779 2602 1043 2662 Christus
1081 2601 1325 2661 tradidit
1366 2602 1624 2663 Ecclesiae
1660 2623 1779 2662 suae
1807 2648 1823 2678 .,
1864 2623 1965 2661 seu
2000 2600 2261 2680 societati
2307 2623 2488 2684 quam

353 2700 480 2780 ipse
515 2699 768 2759 instituit
794 2745 811 2774 ‚
851 2699 963 2759 hoc
997 2700 1124 2782 ipso
1158 2699 1441 2760 recedunt
1481 2722 1513 2758 a
1554 2699 1801 2761 veritate
1831 2710 1890 2758 et
1927 2696 2001 2756 ab
2041 2698 2304 2771 unitate3
2353 2719 2488 2778 ergo

349 2795 598 2854 Ecclesia
643 2796 858 2856 Christi
893 2808 983 2856 est
1020 2794 1403 2858 essentialiter
1435 2817 1551 2854 una
1572 2841 1587 2871 ‚
1635 2794 1785 2854 sicut
1830 2793 2219 2855 essentialiter
2246 2814 2364 2851 una
2402 2803 2490 2853 est

358 2888 505 2950 fides
544 2902 603 2950 et
628 2913 747 2950 una
783 2892 1021 2954 veritas,

433 2986 536 3047 62.
599 2988 671 3047 Et
725 3008 864 3048 sane
920 2988 1187 3048 Christus
1244 2999 1412 3050 vocat
1471 2987 1785 3048 Ecclesiam
1844 3009 2013 3048 suam
2077 3008 2275 3046 unum
2336 2984 2491 3048 ovile

346 3082 570 3163 (Joan.
614 3086 667 3143 X
706 3130 723 3159 ,
773 3086 938 3166 16),
986 3098 1152 3150 vocat
1207 3108 1458 3166 regnum
1514 3108 1699 3146 suum
1740 3085 1837 3166 (2)
1866 3131 1882 3161 ,
1940 3085 2254 3148 Ecclesiam
2310 3105 2492 3144 suam

345 3178 594 3259 (Matth.
622 3181 789 3257 XVI,
820 3182 938 3263 18)
960 3228 975 3258 ,
1008 3194 1119 3243 etc.
1149 3184 1221 3242 Et
1245 3182 1551 3264 Apostolus
1585 3183 1756 3243 Unus
1785 3184 2094 3242 Dominus
2110 3225 2132 3255 ,
2170 3203 2301 3241 una
2322 3181 2487 3259 fideS,

419 3398 485 3462 (Ι)
524 3398 679 3448 Tract.
715 3405 922 3461 xxxwii,
952 3404 1002 3450 in
1026 3402 1166 3452 Joau.
1190 3421 1242 3452 n.
1281 3419 1339 3451 io
1360 3439 1374 3463 ‚
1461 3404 1626 3467 passim
1649 3401 1871 3450 aChristo
1902 3419 2104 3467 reqnum
2136 3401 2239 3450 Dei
2261 3409 2450 3448 vocatur
2474 3436 2487 3458 ,

348 3500 394 3546 p.
428 3479 527 3548 559
547 3518 559 3541 ‚
587 3482 699 3531 edit.
730 3481 879 3531 Maur.
1459 3500 1659 3548 reqmcm
1687 3483 1913 3533 coelorum
1931 3521 1947 3548 ‚
1973 3496 2058 3534 etc.

330 3588 335 3595 κ
433 3565 499 3626 (2)
537 3563 702 3614 matth.
733 3582 814 3613 xvi
832 3601 848 3627 ,
872 3564 935 3613 28
954 3603 966 3627 ,
987 3577 1030 3615 ct
1043 3567 1151 3615 alibi
1178 3567 1379 3616 Ecclesia
