2554 4140
294 77 411 138 160
494 88 498 96 ’
957 98 1027 134 nn
1069 97 1218 139 VERA
1259 101 1381 138 nm„
1429 101 1564 141 ΜΝ.
1614 101 1767 141 mea.

288 244 583 306 solemnia
618 240 731 297 diu
773 243 1143 300 intermissa.
1187 244 1257 301 Et
1287 244 1504 303 Seneca
1540 243 1629 326 (l)
1676 267 1689 304 ε
1730 246 1936 325 Quum
1965 251 2215 308 interim
2245 272 2427 330 usque

287 361 354 399 co
390 336 750 397 consuetudo
781 338 1088 396 convaluit
1106 340 1573 399 sceleratissimae
1589 352 1787 421 qentes
1799 386 1823 413 ,
1854 353 2055 421 ἀὐρᾶν
2073 365 2270 404 omnes
2279 351 2426 426 jam

288 447 486 494 terras
522 443 755 512 recepta
785 437 902 499 sit,-
938 437 1083 492 victi
1119 438 1449 495 victoribus
1490 439 1635 516 {eyes
1663 438 1976 497 dederunt.
2026 439 2175 499 Hinc
2212 443 2423 500 merito

295 528 691 589 Tertullianus
715 529 805 609 (2)
829 529 909 588 sic
940 531 1233 591 Romanos
1257 532 1476 613 alloqui
1505 544 1736 615 poterat
1765 532 1972 593 saeculo
1994 535 2072 592 ΙΙΙ
2100 556 2113 592 z
2148 536 2437 595 Hesterni

295 647 549 698 sumus,
599 634 653 683 et
692 636 887 685 vestra
937 633 1146 688 omnia
1183 630 1604 708 implevimus,
1655 631 1862 704 urbm,
1911 635 2189 702 insulas,
2234 642 2435 691 castra

293 729 432 803 ipsa
458 768 474 799 ‚
531 723 846 801 palatium
878 767 895 799 ‚
961 735 1245 782 senatum
1282 769 1299 800 ‚
1360 728 1570 803 forum
1598 750 1616 792 ;
1675 728 1799 784 sola
1857 726 2021 784 vohis
2078 729 2439 806 reliqui-mus

294 821 515 899 templa
542 818 652 899 (3).

378 915 519 975 372.
571 913 655 974 Ad
693 914 983 973 minorem
1015 913 1171 996 quod
1215 915 1466 989 attinet,
1507 916 1588 975 sic
1627 939 1759 977 eam
1796 918 2164 978 ostendimus
2197 920 2441 1000 :Agitur

296 1015 456 1073 enim
483 1011 558 1070 de
594 1010 1015 1092 propagatione
1047 1008 1343 1089 religionis
1371 1031 1538 1069 novoe
1553 1055 1574 1083 ,
1603 1033 1736 1094 quoe
1760 1013 2030 1095 dogmata
2068 1015 2440 1097 proponebat

295 1107 572 1167 humanae
603 1105 822 1164 rationi
853 1105 1141 1186 impervia
1169 1150 1183 1178 ,
1232 1115 1409 1186 atque
1453 1108 1700 1188 receptis
1738 1110 2075 1169 notionibus
2115 1113 2437 1186 contraria,

298 1201 626 1282 cujusmodi
652 1211 791 1259 sunt
814 1200 1091 1281 mysteria
1112 1200 1411 1260 Trinitatis
1438 1223 1503 1261 ac
1526 1203 1633 1261 Dei
1659 1202 1914 1263 hominis
1942 1206 2077 1266 facti
2102 1218 2161 1266 et
2189 1209 2440 1290 turpiter

296 1297 454 1359 cruci
486 1297 680 1371 affixi,
727 1317 798 1355 ex
832 1296 1022 1357 invisa
1050 1295 1286 1375 judaica
1336 1298 1579 1358 natione
1616 1299 1766 1374 orti,
1818 1300 2006 1359 carnis
2060 1304 2439 1363 resurrectio·

296 1395 388 1454 nis
408 1440 423 1470 .,
464 1405 613 1467 ete.3
642 1392 831 1472 agitur
862 1391 935 1453 de
961 1392 1246 1475 religione
1268 1439 1283 1468 a
1325 1415 1455 1475 quae
1479 1406 1709 1454 austera
1739 1406 2029 1477 praecepta
2055 1396 2430 1478 imponebat,

298 1490 494 1573 qualia
537 1500 676 1549 sunt
711 1488 1023 1568 abnegatio
1067 1491 1194 1564 sui,
1241 1490 1425 1549 animi
1469 1490 1783 1566 demissi07
1828 1492 2018 1551 inanis
2062 1492 2253 1573 gloriae
2297 1515 2441 1554 con-

299 1598 599 1670 temptus,
640 1606 768 1668 quae
799 1585 1024 1645 bellum
1064 1586 1338 1645 omnibus
1370 1587 1787 1670 cupiditatibus
1831 1609 1897 1648 ac
1939 1588 2172 1669 flagitiis
2215 1589 2440 1650 indice-

297 1682 438 1756 bat3
488 1703 615 1765 quae
654 1681 905 1741 cultores
943 1704 1074 1741 suos
1114 1683 1415 1742 communi
1451 1694 1779 1759 ceterorum
1813 1684 2065 1743 infamiae
2099 1697 2158 1745 et
2200 1686 2440 1768 privatae
2524 1719 2542 1733 κ

300 1773 655 1839 execrationi
690 1776 1050 1859 objiciebat(
1074 1789 1280 1860 utpote
1318 1779 1419 1861 qui
1466 1777 1925 1838 traducebantur
1958 1779 2139 1840 veluti
2169 1781 2437 1842 homines

300 1879 822 1955 contemptissimae
868 1878 1142 1946 inertiae,
1184 1896 1304 1954 per
1332 1875 1578 1955 flayiftia
1629 1879 1857 1947 invisi,
1909 1877 2178 1935 humaui
2208 1883 2441 1957 yeneris

299 1973 436 2031 odio
471 1976 769 2043 convicti,
815 1981 1003 2030 sontes
1052 1981 1106 2029 et
1134 1975 1465 2030 novissima
1498 1973 1767 2051 eoecmpla
1811 1976 2019 2032 meriti
2057 1972 2145 2053 (4)
2168 2018 2184 2047 ,
2224 1984 2290 2032 ut
2324 1973 2442 2032 rei-

300 2066 547 2150 publicae
588 2088 922 2139 eversoreS,
968 2068 1047 2125 ita
1092 2077 1158 2124 ut
1194 2066 1487 2149 quidquid
1534 2066 1777 2126 demum
1813 2067 2121 2126 infortunii
2159 2079 2260 2128 aut
2298 2068 2444 2128 cala-

300 2165 525 2225 mitatis
559 2164 895 2244 contigisset
927 2162 1136 2223 iisdem
1166 2164 1446 2222 continuo
1485 2161 1842 2223 tribueretur
1877 2163 2002 2244 (5))
2023 2210 2059 2247 ,ᾖ
2083 2185 2151 2225 ac
2191 2164 2445 2246 denique

371 2440 435 2502 (l)
471 2438 608 2505 Apud
636 2437 688 2487 S.
712 2437 906 2502 August.
933 2435 1012 2485 De
1050 2435 1163 2484 Cio.
1186 2434 1291 2483 Dei
1307 2472 1320 2494 ‚
1416 2434 1538 2482 dinis
1557 2431 1706 2483 Praed.
1732 2433 1921 2483 Dissert.
1943 2432 2207 2483 Multitudo
2224 2436 2442 2485 mazima

301 2522 387 2572 lib.
411 2540 478 2581 vi,
499 2539 541 2571 c.
556 2538 603 2569 xi
618 2556 635 2579 ,
656 2539 707 2569 n.
736 2517 824 2583 36,
851 2529 896 2568 et
921 2525 1043 2567 inter
1073 2519 1328 2582 fragmenta
1414 2534 1578 2565 eorum
1602 2554 1615 2577 ‚
1635 2518 1723 2581 qui
1731 2517 1987 2581 prioribus
2003 2516 2234 2565 Ecclesiae
2250 2516 2440 2567 soeculis

301 2623 356 2654 ex
375 2605 505 2653 libris
521 2603 709 2653 Seuecae
726 2640 739 2663 ‚
759 2613 793 2651 t.
814 2620 863 2650 iv
885 2638 900 2665 ‚
930 2619 1039 2667 opp.
1059 2601 1169 2649 edit.
1190 2599 1330 2649 Taur.
1413 2598 1735 2647 christia-nam
1764 2598 2044 2664 reliyionem
2053 2600 2265 2666 prose-sei
2287 2608 2406 2648 eunt
2424 2635 2441 2662 ,

307 2703 326 2735 ι
336 2685 456 2754 829,
471 2704 524 2736 ex
537 2687 804 2735 recentione
817 2684 1140 2750 Buhkopf‚qui
1155 2686 1206 2731 in
1220 2693 1331 2732 uota
1414 2692 1603 2731 ostensa
1617 2692 1661 2731 et
1676 2681 1949 2740 vindicata;
1968 2685 2079 2730 item
2100 2681 2438 2744 Mamaehium,

299 2769 501 2817 adhunc
519 2768 676 2831 locuxm
697 2805 710 2828 ‚
729 2765 888 2815 relatis
905 2765 1113 2815 versibus
1129 2764 1325 2813 Rutilii:
1414 2766 1565 2831 ejusd.
1593 2765 1693 2813 ord.
1724 2775 1840 2814 tom.
1874 2782 1890 2811 ι
1908 2799 1924 2825 ,
1961 2763 2107 2833 Θήῃ.
2137 2769 2186 2813 et
2203 2766 2432 2830 antiquit.

369 2880 511 2935 Atque
538 2876 703 2918 utinam
732 2891 953 2933 nunquam
969 2873 1126 2916 Judaea
1153 2873 1331 2915 subacta
1412 2846 1797 2896 cl‘ri3tianaru⁹n
1812 2883 1829 2908 ²
1858 2846 1966 2895 edit·
1986 2864 2105 2896 rom·
2133 2843 2260 2913 ι’749
2279 2884 2292 2907 ⁵
2319 2865 2432 2914 pag·

464 2948 630 3002 fimet
1415 2928 1514 2994 343
1546 2941 1589 2979 et
1622 2945 1774 2995 seqq.⁹
1810 2929 1891 2976 ubi
1921 2946 2018 2977 non
2044 2927 2195 2977 solum
2224 2932 2432 2977 testimo-

361 3021 557 3077 Pompeii
580 3020 702 3061 bellis
733 3020 997 3077 imperioque
1030 3019 1157 3062 Titi!
1414 3015 1503 3060 niis
1516 3012 1806 3061 ethnicorum
1824 3011 2019 3059 ostendit
2037 3014 2271 3076 ingentem
2290 3011 2433 3061 fuisse

360 3094 509 3134 Latius
536 3094 689 3134 excisae
713 3093 843 3147 pestis
876 3093 1081 3148 contagia
1118 3096 1298 3148 serpunt
1315 3122 1328 3143 ,
1415 3096 1785 3144 Christianorum
1819 3112 2070 3142 numerum
2095 3113 2120 3142 a
2154 3093 2350 3142 Neronis
2375 3095 2433 3142 ad

364 3167 643 3222 Victoresque
672 3179 768 3205 suos
794 3165 915 3205 natio
946 3166 1055 3205 victa
1079 3165 1239 3221 premit
1257 3195 1271 3217 ,
1415 3178 1600 3245 Trajani
1637 3171 1821 3224 aetatgm
1848 3213 1860 3236 ‚
1901 3178 1979 3224 sed
2023 3187 2241 3242 praeterea
2293 3194 2434 3243 argu·

302 3265 431 3315 addit
461 3281 475 3313 :
508 3263 598 3311 ubi
639 3265 730 3310 etsi
773 3261 943 3311 Judaei
971 3265 1294 3311 nominantur
1318 3297 1331 3323 ,
1416 3271 1575 3310 menta
1606 3260 1773 3317 solvit,
1803 3258 1975 3323 quibus
2013 3259 2223 3324 Vitringa
2247 3268 2437 3308 conatus

301 3356 485 3396 certum
518 3345 827 3413 Christianos
844 3348 1056 3394 maxime
1086 3344 1327 3409 intelliqi,
1416 3354 1484 3393 est
1504 3359 1665 3392 eorum
1695 3358 1947 3389 numerum
1979 3351 2248 3390 extenuare.

233 3410 240 3415 ¹
302 3432 430 3479 sicut
458 3437 503 3477 ct
522 3429 578 3475 in
614 3425 796 3475 Seneca
827 3428 952 3492 ipso.
1485 3423 1561 3490 (h)
1597 3423 1715 3471 Vide
1763 3421 1915 3470 Tacit.
1957 3421 2149 3473 Annal.
2204 3429 2322 3470 tom.
2353 3438 2400 3470 iv
2421 3458 2434 3480 ‚

374 3513 441 3577 (2)
486 3508 680 3576 Apolog.
721 3527 766 3558 c.
801 3509 884 3574 37.
1352 3554 1356 3558 ,
1419 3525 1527 3556 cum
1557 3508 1678 3553 notis
1696 3504 1948 3553 Valeriani.

373 3594 443 3658 (a)
479 3594 616 3643 mura
643 3592 754 3641 vide
784 3591 910 3656 apud
933 3590 1007 3640 cl.
1032 3591 1239 3648 Ansam,
1257 3566 1334 3639 015-
1494 3588 1558 3651 (ὅ)
1599 3585 2299 3653 vid.Tertu11.Apotoq.o.1v.
