2554 4140
761 207 883 244 cn.
930 206 995 242 11.
1040 205 1108 240 mi
1151 175 1370 242 Reuss,
1413 205 1543 243 nav.
2131 183 2208 276 233

106 367 230 405 esse
249 345 585 425 fugiendum
611 344 1001 422 virtutemque
1023 341 1364 400 sectandam
1388 342 1615 423 aliaque
1637 343 1699 403 id
1724 365 1903 424 genus
1927 345 2204 427 plurima,

106 441 227 499 sola
254 442 431 500 etiam
458 442 718 521 inspecta
738 434 960 495 naturae
982 434 1260 494 humanae
1291 435 1626 496 conditione
1654 446 1893 522 ejusque
1918 441 1992 500 ad
2022 445 2212 502 Deum

104 535 402 596 relatione.
449 537 523 595 At
548 533 649 592 ubi
688 531 1080 592 humanorum
1120 529 1454 588 animorum
1507 528 1667 589 sinus
1700 533 2210 617 introspiciantur,

103 631 346 690 inficiari
373 631 482 712 ipsi
517 649 635 686 non
664 631 910 706 possun‘t
939 623 1224 702 ejusmodi
1247 624 1515 684 notiones
1546 625 1896 688 sufficientes
1925 653 2048 690 non
2074 653 2207 692 ‘esse

105 726 179 785 ad
206 727 503 788 hominem
538 723 618 781 ita
652 720 1000 800 regendum,
1050 732 1117 779 ut
1153 721 1216 778 in
1252 720 1523 779 omnibus
1568 741 1766 780 rerum
1810 724 2100 802 adjunctis
2145 729 2210 787 in

105 821 291 880 officio
315 820 437 902 ipse
471 838 532 876 se
562 816 858 875 contineat
892 825 1067 896 atque
1106 836 1177 874 ex
1207 816 1424 876 virtute
1455 824 1609 894 agat.

185 911 295 974 88.'
327 915 390 970 1⁰
428 913 573 984 Quia
607 932 729 969 non
755 931 993 984 omneS‚
1032 910 1151 969 imo
1184 909 1449 991 plerique
1485 932 1608 969 non
1647 923 2050 993 assequuntur
2093 916 2215 975 vim

103 1006 453 1068 naturalium
509 1005 800 1085 ejusmodi
848 997 1451 1081 demonstrationum,
1499 1005 1828 1086 praesertim
1873 1007 2031 1088 quod
2091 1030 2216 1067 non

98 1102 263 1183 pauci
312 1100 651 1184 philosophi
689 1121 782 1160 eas
840 1101 903 1159 in
950 1099 1194 1160 dubium
1233 1100 1676 1177 revocaverint,
1722 1101 1842 1160 imo
1865 1112 2064 1183 aperte
2107 1124 2217 1164 ne-

96 1197 365 1276 gaverint
392 1197 501 1276 (l).
1533 1271 1538 1275 ς

176 1291 272 1350 89.
317 1293 385 1350 20
411 1291 555 1364 Quia
584 1313 737 1373 saepe
760 1290 977 1349 dantur
1011 1289 1268 1349 difficilia
1304 1311 1502 1350 rerum
1545 1290 1818 1369 adjuncta
1839 1337 1854 1367 .,
1891 1293 1954 1351 in
1992 1291 2203 1375 quibus

97 1384 271 1445 homo
319 1387 667 1445 constitutus
706 1407 772 1445 ac
810 1385 919 1444 sibi
957 1385 1190 1444 relictus
1218 1430 1235 1459 7
1292 1386 1338 1444 si
1387 1386 1496 1445 alia
1547 1408 1670 1445 non
1722 1385 1937 1447 habeat
1993 1389 2214 1450 motiva

43 1546 55 1557 ἦ
100 1501 274 1561 quam
310 1503 375 1541 ea
397 1526 413 1556 ,
451 1501 577 1562 quae
604 1481 752 1540 ratio
788 1480 872 1538 illi
905 1479 1166 1562 praebet,
1195 1501 1345 1560 aegre
1374 1481 1616 1540 omnino
1636 1526 1652 1556 ,
1691 1481 1810 1540 imo
1847 1481 2011 1541 nullo
2039 1483 2214 1543 modo

98 1575 402 1634 adducitur
449 1575 524 1634 ad
562 1574 901 1636 sectandam
942 1575 1227 1636 virtutem
1271 1586 1447 1657 atque
1484 1575 1559 1634 ad
1599 1576 1880 1654 injustam
1920 1578 2215 1638 actionem

97 1669 431 1744 vitandam3
464 1681 529 1729 ut
554 1691 687 1729 cum
710 1671 772 1728 in
801 1681 941 1729 aestu
981 1670 1346 1730 vehementis
1382 1671 1713 1751 cupiditatis
1746 1673 2038 1753 reperitur
2060 1719 2075 1748 ,
2109 1673 2206 1734 vel

97 1784 229 1822 cum
256 1765 445 1844 agitur
477 1764 549 1823 de
582 1765 750 1824 famae
777 1786 843 1824 ac
870 1765 1003 1824 vitae
1030 1764 1286 1844 periculo
1306 1810 1321 1839 ,
1353 1766 1416 1823 in
1445 1768 1678 1843 injustae
1705 1769 2036 1847 potentium
2060 1770 2210 1831 viro-

94 1880 227 1918 rum
255 1859 648 1917 insectationis
681 1859 1012 1918 discrimine
1035 1904 1050 1933 .‚
1086 1858 1297 1940 quibus
1328 1859 1501 1939 vulgo
1541 1860 1808 1920 homines
1844 1862 2062 1921 cedunt
2098 1864 2207 1944 (2)

177 1955 276 2012 90.
326 1953 391 2012 30
441 1953 620 2028 Quia,
672 1954 774 2034 qui
822 1954 886 2012 in
933 1952 1207 2012 conflictu
1253 1956 1663 2035 reperiuntur,
1705 1956 1870 2015 facile
1911 1956 2021 2015 sibi
2071 1980 2209 2018 sua-

95 2048 239 2107 dent
256 2094 272 2124 ,
315 2050 377 2107 in
405 2048 687 2127 ejusmodi
709 2048 937 2109 casibus
968 2049 1271 2108 hominem
1297 2072 1420 2108 non
1440 2050 1690 2131 ‘obligari
1725 2053 1801 2111 ad
1827 2052 1941 2111 tale
1971 2053 2066 2113 vel
2093 2054 2211 2115 tale

92 2143 312 2202 facinus
332 2189 348 2218 ‚
391 2143 566 2202 dubia
599 2144 666 2202 iis
700 2144 1010 2222 insurgunt
1053 2143 1126 2203 de
1161 2145 1681 2205 demonstrationis
1727 2149 1785 2209 vi
1819 2169 1884 2206 ac
1920 2149 2169 2209 veritate
2189 2195 2206 2225 ‚

21 2235 23 2237 ’
92 2257 259 2304 mens
287 2236 665 2298 obnubilatur
684 2282 699 2312 ‚
730 2258 838 2297 nec
862 2238 1026 2298 videt
1050 2238 1300 2321 amplius
1320 2285 1335 2313 ‚
1366 2241 1526 2322 quod
1555 2253 1725 2301 antea
1749 2242 2058 2303 evidenter
2085 2265 2210 2323 cog-

90 2355 327 2394 noscere
368 2333 477 2392 sibi
522 2333 866 2407 videbatur3
911 2334 975 2392 in
1014 2334 1345 2396 subsidium
1387 2348 1555 2398 vocat
1595 2338 1931 2419 sapientum
1985 2337 2205 2416 dubia,

90 2428 298 2487 falsum
328 2429 626 2489 dictamen
653 2429 817 2489 facile
852 2429 1115 2512 adoptat.

171 2523 269 2582 91.
315 2523 382 2581 40
428 2525 571 2597 Quia
594 2571 610 2600 ‚
640 2547 823 2606 quum
860 2527 1007 2585 ratio
1047 2528 1286 2588 nonnisi
1325 2529 1615 2608 generalia
1660 2529 1996 2612 suppeditet
2035 2532 2204 2612 prin-

80 2619 226 2699 cipia
257 2621 379 2679 sive
406 2621 554 2678 circa
582 2620 803 2680 cultum
833 2622 953 2681 sive
988 2622 1135 2681 circa
1164 2623 1299 2682 vitae
1330 2624 1541 2685 futurae
1569 2629 1807 2707 praemia
1839 2626 1929 2687 vel
1955 2648 2161 2707 poenas
2181 2673 2198 2701 ‚

80 2734 185 2773 nec
204 2715 558 2774 determinet
577 2715 637 2773 in
659 2716 991 2795 particulari
1008 2739 1123 2798 quo
1140 2717 1301 2777 cultu
1318 2764 1333 2793 ,
1362 2719 1573 2800 quibus
1610 2721 1672 2779 in
1697 2722 1887 2802 specie
1910 2720 2201 2801 obsequiis

82 2808 447 2871 divinitatem
491 2809 600 2868 sibi
636 2810 811 2870 homo
862 2811 1147 2871 demereri
1193 2814 1408 2895 possit3
1451 2836 1724 2895 quaenam
1764 2837 1872 2874 nos
1913 2817 2195 2876 maneant

83 2906 346 2983 praemia‚
372 2927 642 2987 quaenam
669 2927 859 2988 poenae
893 2918 952 2966 et
974 2909 1254 2989 quamdiu
1279 2908 1570 2970 duraturae
1593 2955 1608 2984 ‚
1651 2911 1979 2991 praesertim
2011 2932 2197 2992 quum

86 3018 273 3077 poenae
300 3005 466 3079 juxta
493 3000 704 3061 deistas
734 3004 967 3062 aeternae
994 3024 1116 3062 esse
1144 3026 1266 3062 non
1298 3005 1550 3086 possint3
1575 3005 1713 3065 inde
1734 3006 1800 3064 fit
1820 3051 1836 3081 ,
1867 3017 1935 3064 ut
1956 3027 2196 3065 omnem

154 3244 168 3305 (
177 3244 222 3306 1)
270 3244 410 3296 Cons.
463 3248 561 3299 Cic.
612 3249 849 3299 Academ.
906 3251 1089 3318 Qum-st.
1175 3251 1369 3299 naturali
1396 3251 1623 3316 probitate
1649 3251 1776 3299 ducti
1804 3270 1830 3299 a
1856 3254 2021 3299 virtute
2049 3260 2192 3299 retra-

82 3322 167 3374 lib.
184 3341 247 3385 ιι,
276 3331 520 3391 praesertim
539 3349 640 3396 cap.
670 3334 732 3398 37
754 3342 799 3381 et
815 3351 945 3399 seqq.
979 3334 1087 3382 edit.
1174 3332 1350 3380 huntur
1368 3368 1384 3394 ,
1414 3333 1538 3399 quod
1562 3333 1771 3397 pluribus
1804 3333 2001 3381 illustrat
2027 3349 2187 3381 exem-

84 3405 221 3456 Taur.
259 3406 402 3476 1829.
439 3428 546 3477 opp.
578 3422 695 3465 tom.
729 3432 812 3463 ιιι.
1171 3413 1259 3478 plis
1298 3415 1447 3463 ductis
1480 3415 1539 3463 ab
1576 3413 1766 3463 historia
1806 3416 1993 3480 antiqua
2029 3424 2073 3462 et
2108 3430 2182 3461 re-

150 3490 215 3554 (2)
252 3489 393 3541 ConS.
430 3491 615 3542 Roberti
648 3495 696 3544 S.
726 3495 774 3545 J.
808 3495 951 3545 Della
970 3513 1087 3563 pro·
1170 3494 1709 3561 centiori.Cons.pa1-iter
1722 3494 2195 3557 Card.Gerdil‚Diss.k

82 3571 181 3619 bird
213 3572 463 3633 naturale,
497 3585 623 3639 parte
655 3584 723 3637 2³,
746 3577 852 3642 'ubi
886 3596 965 3628 sex
999 3578 1083 3627 ob·
1167 3577 1313 3626 Della
1340 3579 1526 3642 oriqine
1564 3577 1640 3625 del
1671 3594 1804 3626 senso
1838 3576 2029 3626 morale.
2065 3574 2179 3624 edit.

82 3654 257 3702 stacula
288 3666 528 3721 recenset,
561 3657 731 3723 quibus
755 3659 966 3711 homines
991 3661 1084 3711 sola
1166 3660 1304 3711 Rom.
1341 3676 1451 3726 opp.
1482 3665 1597 3710 tom.
1633 3676 1686 3710 ιι.

162 3735 224 3792 T.
272 3737 316 3795 1.
1866 3738 1902 3795 3
