2554 4140
563 340 710 423 DE
772 335 1087 421 VERA
1141 336 1801 423 RELIGIONE.

1017 599 1226 667 PARS
1282 599 1339 667 Ι.

792 781 1113 825 ADVERSUS
1143 780 1420 824 INGREDU
1428 780 1559 825 Los,

203 940 259 997 4.
309 937 675 1018 Propositum
710 933 946 1015 quidem
976 932 1144 992 nobis
1175 944 1299 992 erat
1327 979 1343 1007 ,
1382 931 1634 992 exordiri
1664 954 1696 991 a
1733 932 1882 992 facto
1921 934 2048 1017 ipso
2088 958 2229 998 con-

122 1032 452 1105 stituendo7
511 1032 631 1090 sive
673 1028 745 1088 ab
793 1029 1098 1088 existentia
1151 1028 1365 1089 divinae
1413 1026 1787 1088 revelationis
1843 1030 2223 1092 ostendenda.

122 1130 241 1187 Hac
271 1129 429 1186 enim
467 1125 648 1185 semel
677 1126 989 1183 constituta
1023 1144 1088 1182 ac
1123 1122 1446 1198 vindicata,
1480 1123 1756 1181 continuo
1794 1145 1901 1206 per
1941 1147 2002 1184 se
2036 1127 2231 1187 omnia

120 1233 568 1295 evanescerent,
636 1240 1012 1301 quaecumque
1078 1218 1151 1277 ab
1211 1217 1526 1277 incredulis
1587 1217 1661 1276 ad
1719 1219 1936 1278 divinae
1995 1220 2230 1299 alicujus

119 1317 485 1377 revelationis
529 1316 622 1375 vel
667 1315 1111 1397 possibilitatem
1162 1313 1256 1372 vel
1313 1313 1715 1373 necessitatem
1767 1313 2231 1396 impugnandam

122 1424 262 1471 sunt
323 1412 685 1491 excogitatat,
742 1420 1006 1490 essetque
1056 1408 1180 1467 haec
1235 1407 1665 1489 compendiaria
1719 1430 1954 1490 prorsus
2011 1411 2105 1470 via
2155 1409 2232 1469 ad

121 1528 322 1566 omnes
370 1506 638 1567 revelatae
673 1504 962 1584 religionis
1004 1503 1198 1563 hostes
1232 1502 1643 1584 profligandos,
1680 1506 1767 1564 Ne
1805 1515 2003 1564 tamen
2039 1506 2230 1566 videa-

118 1623 253 1660 mur
274 1601 521 1660 novitati
552 1598 785 1658 studere
802 1644 818 1673 a
845 1603 1021 1680 atque
1048 1597 1206 1657 aliud
1231 1619 1408 1679 quam
1432 1598 1588 1679 quod
1611 1599 1815 1658 tritum
1840 1612 1928 1659 est
1948 1601 2060 1659 iter
2080 1600 2230 1661 velle

119 1698 421 1770 insistere7
475 1707 603 1754 tum
656 1696 910 1753 maxime
959 1716 1035 1753 ne
1075 1699 1321 1771 juvenes
1363 1694 1874 1754 iis'destituantur
1915 1695 2229 1778 praesidiiS,

121 1814 248 1873 quae
303 1791 377 1850 ad
429 1790 637 1851 divinae
691 1790 1063 1850 revelationis
1118 1787 1563 1869 possibilitatem
1616 1802 1789 1870 atque
1830 1791 2231 1849 necessitatem
2319 1786 2323 1788 ξ

120 1885 535 1945 adstruendam
591 1886 652 1943 in
708 1883 966 1942 medium
1022 1883 1213 1941 afferri
1255 1882 1489 1956 solent,
1544 1883 1607 1940 in
1639 1895 1898 1964 quatuor
1943 1886 2231 1965 praecipua

121 1983 304 2061 capita
345 1981 497 2038 hanc
540 1981 791 2058 primam
827 1989 1103 2036 tractatus
1145 1988 1374 2057 partem
1408 1968 1843 2051 distribuimust,
1880 1979 1942 2036 in
1980 2000 2230 2059 quorum

119 2077 309 2156 primo
340 2075 412 2134 de
448 2074 658 2134 divinae
691 2072 1060 2132 revelationis
1090 2071 1470 2151 possibilitate
1492 2116 1508 2145 .,
1551 2072 1613 2129 in
1642 2071 1824 2130 altero
1858 2072 1932 2130 de
1966 2077 2087 2149 ejus
2125 2094 2229 2132 ne-

118 2171 377 2228 cessitate
406 2214 421 2243 „
459 2170 520 2226 in
558 2169 727 2227 tertio
754 2167 842 2226 'de
870 2168 1021 2225 notis
1057 2166 1267 2247 quibus
1296 2188 1434 2227 vera
1467 2188 1500 2224 a
1534 2166 1689 2225 falsis
1725 2166 2131 2246 distinguitur,
2164 2167 2228 2226 in

119 2274 324 2345 quarto
347 2263 589 2322 demum
618 2262 692 2322 de
720 2263 1023 2322 existentia
1051 2261 1417 2321 disseremus.

1012 2478 1251 2536 CAPUT
1286 2480 1328 2537 1.

549 2637 616 2672 DE
659 2637 872 2674 mleAE
915 2635 1316 2674 REVELATIOMS
1359 2635 1775 2673 POSSIBILITATE.

203 2820 258 2877 5.
303 2816 635 2890 Revelatio⁸>
678 2826 852 2896 prout
900 2814 994 2873 hic
1044 2815 1355 2894 accipitur,
1413 2825 1501 2872 est
1545 2813 1786 2893 alicujus
1831 2815 2089 2876 veritatis
2125 2816 2223 2877 vel

123 2913 379 2993 plurium
434 2913 610 2970 etiam
665 2910 980 2969 veritatum
1019 2908 1452 2981 manifestatio3
1500 2930 1626 2988 quae
1661 2910 1706 2966 si
1751 2930 1783 2966 a
1820 2911 1940 2967 Deo
1970 2955 1985 2984 a
2044 2921 2219 2991 atque

126 3007 576 3067 extraordinario
599 3004 856 3086 quidem,
882 3002 942 3061 id
966 3015 1070 3078 est,
1096 3001 1519 3084 supernaturali
1547 3002 1657 3082 (l),
1684 3014 1750 3060 ut
1771 3003 1990 3078 dicunt,
2018 3004 2217 3083 mod0‚

129 3114 337 3180 praeter
392 3112 732 3160 consuetum
783 3120 996 3179 nempe
1056 3097 1434 3179 providentiae
1488 3097 1755 3156 ordinem
1810 3099 1910 3157 fiat
1939 3144 1955 3173 ,
2019 3098 2218 3159 divina

131 3208 498 3277 nuncupatur
523 3197 631 3274 (2).
666 3194 1020 3254 Manifestari
1059 3203 1254 3252 autem
1286 3192 1491 3273 aliquae
1526 3192 1798 3252 veritates
1839 3214 1870 3251 a
1918 3194 2040 3252 Deo
2082 3213 2220 3274 pos-

198 3410 267 3473 (1)
306 3408 414 3457 Vox
446 3411 825 3475 supernaturalis
854 3412 1040 3460 diversis
1075 3413 1127 3459 in
1275 3410 1339 3472 (2)
1390 3409 1503 3474 Quae
1551 3409 1740 3475 quidem
1791 3409 2110 3457 adnotavimus
2155 3408 2216 3457 ad

130 3491 336 3540 sensibus
358 3491 547 3555 intelligi
579 3502 725 3557 potest
754 3510 767 3541 :
805 3510 896 3559 quo
924 3496 975 3541 in
992 3507 1127 3542 sensu
1208 3491 1553 3539 excludendum
1594 3489 1923 3539 rationalismi
1962 3507 2109 3554 nuper
2136 3491 2213 3537 iu-

130 3572 242 3620 hica
262 3572 396 3619 nobis
418 3572 688 3621 adhibeatur
705 3610 718 3634 ,
741 3590 801 3623 ex
814 3576 956 3623 totius
975 3590 1126 3640 quaes-
1208 3572 1333 3631 ducti
1350 3583 1549 3638 systema
1569 3610 1582 3634 ‚
1612 3568 1747 3639 juxta
1765 3574 1892 3639 quod
1913 3589 2007 3619 non
2022 3570 2111 3618 alia
2129 3566 2215 3618 da-

129 3656 266 3702 tionis
291 3665 447 3702 tenore
477 3653 760 3719 intelligitur.
1210 3664 1284 3702 tur
1316 3654 1529 3706 revelatio
1569 3671 1712 3721 quam
1756 3671 1836 3720 per
1877 3655 2101 3701 rationem
2130 3653 2216 3702 rite

1905 3732 1962 3789 1.
