<?xml version="1.0" encoding="UTF-8"?>
<!DOCTYPE html PUBLIC "-//W3C//DTD XHTML 1.0 Transitional//EN"
    "http://www.w3.org/TR/xhtml1/DTD/xhtml1-transitional.dtd">
<html xmlns="http://www.w3.org/1999/xhtml" xml:lang="en" lang="en">
 <head>
  <title>
</title>
<meta http-equiv="Content-Type" content="text/html;charset=utf-8" />
  <meta name='ocr-system' content='tesseract 3.04.00' />
  <meta name='ocr-capabilities' content='ocr_page ocr_carea ocr_par ocr_line ocrx_word'/>
</head>
<body>
  <div class='ocr_page' id='page_1' title='image "a603693801perruoft_0332.png"; bbox 0 0 2554 4140; ppageno 0'>
   <div class='ocr_carea' id='block_1_1' title="bbox 336 155 1831 227">
    <p class='ocr_par' dir='ltr' id='par_1_1' title="bbox 336 155 1831 227">
     <span class='ocr_line' id='line_1_1' title="bbox 336 155 1831 227; baseline 0.002 -13"><span class='ocrx_word' id='word_1_1' title='bbox 336 155 453 227; x_wconf 72' lang='lat'><strong>308</strong></span> <span class='ocrx_word' id='word_1_2' title='bbox 974 175 1043 213; x_wconf 84' lang='lat' dir='ltr'><strong>DE</strong></span> <span class='ocrx_word' id='word_1_3' title='bbox 1087 175 1233 214; x_wconf 73' lang='lat' dir='ltr'><strong>VERA</strong></span> <span class='ocrx_word' id='word_1_4' title='bbox 1277 175 1398 214; x_wconf 69' lang='lat' dir='ltr'><strong>net.</strong></span> <span class='ocrx_word' id='word_1_5' title='bbox 1450 177 1582 218; x_wconf 67' lang='grc' dir='ltr'><strong>ΜΝ.</strong></span> <span class='ocrx_word' id='word_1_6' title='bbox 1631 179 1831 217; x_wconf 71' lang='lat' dir='ltr'><strong>neren.</strong></span> 
     </span>
    </p>
   </div>
   <div class='ocr_carea' id='block_1_2' title="bbox 323 304 2475 2510">
    <p class='ocr_par' dir='ltr' id='par_1_2' title="bbox 323 304 2475 2510">
     <span class='ocr_line' id='line_1_2' title="bbox 406 304 2475 408; baseline 0.004 -30"><span class='ocrx_word' id='word_1_7' title='bbox 406 304 554 378; x_wconf 79' lang='lat'>231.</span> <span class='ocrx_word' id='word_1_8' title='bbox 604 317 880 397; x_wconf 74' lang='lat' dir='ltr'><strong>Sequitur</strong></span> <span class='ocrx_word' id='word_1_9' title='bbox 930 316 996 374; x_wconf 87' lang='lat'><strong>30</strong></span> <span class='ocrx_word' id='word_1_10' title='bbox 1045 317 1259 377; x_wconf 87' lang='lat' dir='ltr'><strong>frustra</strong></span> <span class='ocrx_word' id='word_1_11' title='bbox 1302 318 1619 379; x_wconf 89' lang='lat' dir='ltr'><strong>nonnullos</strong></span> <span class='ocrx_word' id='word_1_12' title='bbox 1666 322 2062 383; x_wconf 88' lang='lat' dir='ltr'><strong>Protestantes</strong></span> <span class='ocrx_word' id='word_1_13' title='bbox 2103 325 2291 386; x_wconf 86' lang='lat' dir='ltr'><strong>adhuc</strong></span> <span class='ocrx_word' id='word_1_14' title='bbox 2335 329 2475 408; x_wconf 64' lang='lat' dir='ltr'><strong>glo--v</strong></span> 
     </span>
     <span class='ocr_line' id='line_1_3' title="bbox 334 412 2461 502; baseline 0.004 -28"><span class='ocrx_word' id='word_1_15' title='bbox 334 416 505 487; x_wconf 71' lang='lat' dir='ltr'><strong>riari‚</strong></span> <span class='ocrx_word' id='word_1_16' title='bbox 550 412 711 493; x_wconf 90' lang='lat' dir='ltr'><strong>quod</strong></span> <span class='ocrx_word' id='word_1_17' title='bbox 759 413 1278 472; x_wconf 80' lang='lat' dir='ltr'><strong>ProtestantiSmus</strong></span> <span class='ocrx_word' id='word_1_18' title='bbox 1326 413 1542 474; x_wconf 82' lang='lat' dir='ltr'><strong>habeat</strong></span> <span class='ocrx_word' id='word_1_19' title='bbox 1580 436 1689 496; x_wconf 90' lang='lat' dir='ltr'><strong>pro</strong></span> <span class='ocrx_word' id='word_1_20' title='bbox 1729 414 1853 474; x_wconf 86' lang='lat' dir='ltr'><strong>basi</strong></span> <span class='ocrx_word' id='word_1_21' title='bbox 1895 437 1963 477; x_wconf 88' lang='lat' dir='ltr'><strong>ac</strong></span> <span class='ocrx_word' id='word_1_22' title='bbox 2004 418 2201 497; x_wconf 84' lang='lat' dir='ltr'><strong>regula</strong></span> <span class='ocrx_word' id='word_1_23' title='bbox 2247 443 2461 502; x_wconf 89' lang='lat' dir='ltr'><strong>purum</strong></span> 
     </span>
     <span class='ocr_line' id='line_1_4' title="bbox 336 508 2464 598; baseline 0.003 -27"><span class='ocrx_word' id='word_1_24' title='bbox 336 508 582 571; x_wconf 85' lang='lat' dir='ltr'><strong>verbum</strong></span> <span class='ocrx_word' id='word_1_25' title='bbox 616 508 758 581; x_wconf 71' lang='lat' dir='ltr'><strong>Dei,</strong></span> <span class='ocrx_word' id='word_1_26' title='bbox 803 518 934 566; x_wconf 88' lang='lat' dir='ltr'><strong>tum</strong></span> <span class='ocrx_word' id='word_1_27' title='bbox 985 508 1121 590; x_wconf 84' lang='lat' dir='ltr'><strong>quia</strong></span> <span class='ocrx_word' id='word_1_28' title='bbox 1165 511 1414 592; x_wconf 84' lang='lat' dir='ltr'><strong>seposita</strong></span> <span class='ocrx_word' id='word_1_29' title='bbox 1468 510 1728 570; x_wconf 84' lang='lat' dir='ltr'><strong>Ecclesiae</strong></span> <span class='ocrx_word' id='word_1_30' title='bbox 1771 513 2117 572; x_wconf 84' lang='lat' dir='ltr'><strong>auctoritate</strong></span> <span class='ocrx_word' id='word_1_31' title='bbox 2158 537 2464 598; x_wconf 88' lang='lat' dir='ltr'><strong>nunquam</strong></span> 
     </span>
     <span class='ocr_line' id='line_1_5' title="bbox 328 605 2465 694; baseline 0.005 -32"><span class='ocrx_word' id='word_1_32' title='bbox 328 605 468 685; x_wconf 90' lang='lat' dir='ltr'><strong>ipsis</strong></span> <span class='ocrx_word' id='word_1_33' title='bbox 516 615 783 662; x_wconf 81' lang='lat' dir='ltr'>constare</span> <span class='ocrx_word' id='word_1_34' title='bbox 831 614 1028 685; x_wconf 89' lang='lat' dir='ltr'><strong>potest</strong></span> <span class='ocrx_word' id='word_1_35' title='bbox 1067 650 1083 679; x_wconf 87' lang='lat'><strong>.‚</strong></span> <span class='ocrx_word' id='word_1_36' title='bbox 1134 605 1436 687; x_wconf 83' lang='lat' dir='ltr'>quodnam</span> <span class='ocrx_word' id='word_1_37' title='bbox 1483 607 1558 665; x_wconf 90' lang='lat' dir='ltr'><strong>sit</strong></span> <span class='ocrx_word' id='word_1_38' title='bbox 1601 606 1758 666; x_wconf 90' lang='lat' dir='ltr'><strong>istud</strong></span> <span class='ocrx_word' id='word_1_39' title='bbox 1806 609 1913 667; x_wconf 90' lang='lat' dir='ltr'><strong>Dei</strong></span> <span class='ocrx_word' id='word_1_40' title='bbox 1962 608 2240 686; x_wconf 84' lang='lat' dir='ltr'><strong>verbum,</strong></span> <span class='ocrx_word' id='word_1_41' title='bbox 2284 634 2465 694; x_wconf 88' lang='lat' dir='ltr'><strong>quum</strong></span> 
     </span>
     <span class='ocr_line' id='line_1_6' title="bbox 329 698 2467 782; baseline 0.004 -23"><span class='ocrx_word' id='word_1_42' title='bbox 329 699 529 759; x_wconf 87' lang='lat' dir='ltr'><strong>nullus</strong></span> <span class='ocrx_word' id='word_1_43' title='bbox 555 700 676 759; x_wconf 87' lang='lat' dir='ltr'><strong>fere</strong></span> <span class='ocrx_word' id='word_1_44' title='bbox 718 700 792 758; x_wconf 86' lang='lat' dir='ltr'><strong>sit</strong></span> <span class='ocrx_word' id='word_1_45' title='bbox 821 698 1008 772; x_wconf 72' lang='lat' dir='ltr'><strong>liber,</strong></span> <span class='ocrx_word' id='word_1_46' title='bbox 1045 705 1206 780; x_wconf 88' lang='lat' dir='ltr'><strong>cujus</strong></span> <span class='ocrx_word' id='word_1_47' title='bbox 1233 701 1643 762; x_wconf 86' lang='lat' dir='ltr'><strong>authenticitas</strong></span> <span class='ocrx_word' id='word_1_48' title='bbox 1676 705 1738 761; x_wconf 92' lang='lat' dir='ltr'><strong>in</strong></span> <span class='ocrx_word' id='word_1_49' title='bbox 1769 702 2016 782; x_wconf 81' lang='lat' dir='ltr'><strong>dubium</strong></span> <span class='ocrx_word' id='word_1_50' title='bbox 2050 718 2317 766; x_wconf 87' lang='lat' dir='ltr'><strong>revocata</strong></span> <span class='ocrx_word' id='word_1_51' title='bbox 2347 730 2467 768; x_wconf 92' lang='lat' dir='ltr'><strong>non</strong></span> 
     </span>
     <span class='ocr_line' id='line_1_7' title="bbox 329 797 2468 880; baseline 0.003 -24"><span class='ocrx_word' id='word_1_52' title='bbox 329 798 433 872; x_wconf 87' lang='lat' dir='ltr'><strong>sit,</strong></span> <span class='ocrx_word' id='word_1_53' title='bbox 471 808 533 857; x_wconf 87' lang='lat' dir='ltr'><strong>et</strong></span> <span class='ocrx_word' id='word_1_54' title='bbox 558 818 682 854; x_wconf 93' lang='lat' dir='ltr'><strong>non</strong></span> <span class='ocrx_word' id='word_1_55' title='bbox 708 808 1048 871; x_wconf 76' lang='lat' dir='ltr'><strong>revocetur3</strong></span> <span class='ocrx_word' id='word_1_56' title='bbox 1079 809 1209 856; x_wconf 88' lang='lat' dir='ltr'><strong>tum</strong></span> <span class='ocrx_word' id='word_1_57' title='bbox 1239 799 1374 878; x_wconf 87' lang='lat' dir='ltr'><strong>quia</strong></span> <span class='ocrx_word' id='word_1_58' title='bbox 1402 797 1625 880; x_wconf 82' lang='lat' dir='ltr'>absque</span> <span class='ocrx_word' id='word_1_59' title='bbox 1654 799 1917 860; x_wconf 81' lang='lat' dir='ltr'><strong>Ecclesiae</strong></span> <span class='ocrx_word' id='word_1_60' title='bbox 1939 804 2281 862; x_wconf 84' lang='lat' dir='ltr'><strong>auctoritate</strong></span> <span class='ocrx_word' id='word_1_61' title='bbox 2309 826 2468 863; x_wconf 92' lang='lat' dir='ltr'><strong>nun-</strong></span> 
     </span>
     <span class='ocr_line' id='line_1_8' title="bbox 330 891 2462 975; baseline 0.003 -24"><span class='ocrx_word' id='word_1_62' title='bbox 330 915 509 974; x_wconf 84' lang='lat' dir='ltr'><strong>quam</strong></span> <span class='ocrx_word' id='word_1_63' title='bbox 552 893 663 974; x_wconf 90' lang='lat' dir='ltr'><strong>ipsi</strong></span> <span class='ocrx_word' id='word_1_64' title='bbox 715 892 858 952; x_wconf 87' lang='lat' dir='ltr'><strong>certi</strong></span> <span class='ocrx_word' id='word_1_65' title='bbox 890 901 1035 952; x_wconf 77' lang='lat' dir='ltr'><strong>&#39;esse</strong></span> <span class='ocrx_word' id='word_1_66' title='bbox 1075 903 1327 973; x_wconf 84' lang='lat' dir='ltr'><strong>possunt</strong></span> <span class='ocrx_word' id='word_1_67' title='bbox 1369 891 1444 953; x_wconf 94' lang='lat' dir='ltr'><strong>de</strong></span> <span class='ocrx_word' id='word_1_68' title='bbox 1490 895 1872 975; x_wconf 78' lang='lat' dir='ltr'><strong>inspiratione</strong></span> <span class='ocrx_word' id='word_1_69' title='bbox 1920 896 2119 957; x_wconf 85' lang='lat' dir='ltr'><strong>divina</strong></span> <span class='ocrx_word' id='word_1_70' title='bbox 2162 918 2462 960; x_wconf 83' lang='lat' dir='ltr'><strong>sacrorum</strong></span> 
     </span>
     <span class='ocr_line' id='line_1_9' title="bbox 326 986 2467 1070; baseline 0.002 -21"><span class='ocrx_word' id='word_1_71' title='bbox 326 989 663 1063; x_wconf 63' lang='lat' dir='ltr'><strong>librorum5</strong></span> <span class='ocrx_word' id='word_1_72' title='bbox 711 995 841 1070; x_wconf 82' lang='lat' dir='ltr'><strong>quae</strong></span> <span class='ocrx_word' id='word_1_73' title='bbox 884 989 1104 1069; x_wconf 87' lang='lat' dir='ltr'><strong>pariter</strong></span> <span class='ocrx_word' id='word_1_74' title='bbox 1148 986 1243 1049; x_wconf 88' lang='lat' dir='ltr'><strong>vel</strong></span> <span class='ocrx_word' id='word_1_75' title='bbox 1292 989 1528 1069; x_wconf 90' lang='lat' dir='ltr'><strong>penitus</strong></span> <span class='ocrx_word' id='word_1_76' title='bbox 1576 989 1905 1068; x_wconf 83' lang='lat' dir='ltr'><strong>abjudicata</strong></span> <span class='ocrx_word' id='word_1_77' title='bbox 1945 1006 2033 1051; x_wconf 87' lang='lat' dir='ltr'><strong>est</strong></span> <span class='ocrx_word' id='word_1_78' title='bbox 2078 993 2151 1052; x_wconf 87' lang='lat' dir='ltr'><strong>ab</strong></span> <span class='ocrx_word' id='word_1_79' title='bbox 2192 997 2467 1056; x_wconf 87' lang='lat' dir='ltr'><strong>universa</strong></span> 
     </span>
     <span class='ocr_line' id='line_1_10' title="bbox 327 1081 2464 1170; baseline 0.002 -25"><span class='ocrx_word' id='word_1_80' title='bbox 327 1086 655 1169; x_wconf 66' lang='lat' dir='ltr'><strong>Scriptura,</strong></span> <span class='ocrx_word' id='word_1_81' title='bbox 701 1083 797 1145; x_wconf 87' lang='lat' dir='ltr'><strong>vel</strong></span> <span class='ocrx_word' id='word_1_82' title='bbox 832 1081 1043 1141; x_wconf 88' lang='lat' dir='ltr'><strong>saltem</strong></span> <span class='ocrx_word' id='word_1_83' title='bbox 1084 1083 1147 1140; x_wconf 90' lang='lat' dir='ltr'><strong>in</strong></span> <span class='ocrx_word' id='word_1_84' title='bbox 1179 1082 1431 1141; x_wconf 87' lang='lat' dir='ltr'><strong>dubium</strong></span> <span class='ocrx_word' id='word_1_85' title='bbox 1476 1097 1747 1144; x_wconf 84' lang='lat' dir='ltr'><strong>revocata</strong></span> <span class='ocrx_word' id='word_1_86' title='bbox 1785 1088 1978 1168; x_wconf 86' lang='lat' dir='ltr'><strong>quoad</strong></span> <span class='ocrx_word' id='word_1_87' title='bbox 2010 1088 2205 1170; x_wconf 88' lang='lat' dir='ltr'><strong>plures</strong></span> <span class='ocrx_word' id='word_1_88' title='bbox 2250 1089 2464 1164; x_wconf 76' lang='lat' dir='ltr'><strong>libros3</strong></span> 
     </span>
     <span class='ocr_line' id='line_1_11' title="bbox 327 1177 2465 1266; baseline 0.002 -24"><span class='ocrx_word' id='word_1_89' title='bbox 327 1196 458 1243; x_wconf 88' lang='lat' dir='ltr'><strong>tum</strong></span> <span class='ocrx_word' id='word_1_90' title='bbox 498 1180 754 1261; x_wconf 92' lang='lat' dir='ltr'><strong>denique</strong></span> <span class='ocrx_word' id='word_1_91' title='bbox 789 1179 961 1260; x_wconf 71' lang='lat' dir='ltr'><strong>quia,</strong></span> <span class='ocrx_word' id='word_1_92' title='bbox 1013 1178 1063 1237; x_wconf 91' lang='lat' dir='ltr'><strong>si</strong></span> <span class='ocrx_word' id='word_1_93' title='bbox 1109 1177 1361 1241; x_wconf 88' lang='lat' dir='ltr'><strong>verbum</strong></span> <span class='ocrx_word' id='word_1_94' title='bbox 1406 1180 1515 1237; x_wconf 89' lang='lat' dir='ltr'><strong>Dei</strong></span> <span class='ocrx_word' id='word_1_95' title='bbox 1557 1179 1815 1261; x_wconf 83' lang='lat' dir='ltr'><strong>pendeat</strong></span> <span class='ocrx_word' id='word_1_96' title='bbox 1854 1179 1941 1242; x_wconf 88' lang='lat' dir='ltr'><strong>ab</strong></span> <span class='ocrx_word' id='word_1_97' title='bbox 1972 1185 2465 1266; x_wconf 82' lang='lat' dir='ltr'><strong>interpretatione</strong></span> 
     </span>
     <span class='ocr_line' id='line_1_12' title="bbox 326 1273 2464 1363; baseline 0.002 -26"><span class='ocrx_word' id='word_1_98' title='bbox 326 1277 565 1359; x_wconf 89' lang='lat' dir='ltr'><strong>spiritus</strong></span> <span class='ocrx_word' id='word_1_99' title='bbox 607 1275 1066 1356; x_wconf 86' lang='lat' dir='ltr'><strong>uniuscujusque</strong></span> <span class='ocrx_word' id='word_1_100' title='bbox 1113 1274 1369 1356; x_wconf 73' lang='lat' dir='ltr'><strong>privati,</strong></span> <span class='ocrx_word' id='word_1_101' title='bbox 1410 1273 1609 1334; x_wconf 91' lang='lat' dir='ltr'><strong>nullus</strong></span> <span class='ocrx_word' id='word_1_102' title='bbox 1651 1286 1740 1334; x_wconf 88' lang='lat' dir='ltr'><strong>est</strong></span> <span class='ocrx_word' id='word_1_103' title='bbox 1778 1298 1940 1335; x_wconf 89' lang='lat' dir='ltr'><strong>error</strong></span> <span class='ocrx_word' id='word_1_104' title='bbox 1967 1323 1984 1353; x_wconf 83' lang='lat'><strong>.,</strong></span> <span class='ocrx_word' id='word_1_105' title='bbox 2020 1280 2252 1339; x_wconf 90' lang='lat' dir='ltr'><strong>nullum</strong></span> <span class='ocrx_word' id='word_1_106' title='bbox 2289 1304 2464 1363; x_wconf 83' lang='lat' dir='ltr'><strong>para-</strong></span> 
     </span>
     <span class='ocr_line' id='line_1_13' title="bbox 328 1369 2464 1456; baseline 0.002 -24"><span class='ocrx_word' id='word_1_107' title='bbox 328 1373 549 1432; x_wconf 79' lang='lat' dir='ltr'><strong>doxum</strong></span> <span class='ocrx_word' id='word_1_108' title='bbox 574 1417 589 1446; x_wconf 68' lang='lat'>,</span> <span class='ocrx_word' id='word_1_109' title='bbox 625 1369 786 1453; x_wconf 87' lang='lat' dir='ltr'><strong>quod</strong></span> <span class='ocrx_word' id='word_1_110' title='bbox 815 1392 938 1429; x_wconf 89' lang='lat' dir='ltr'><strong>non</strong></span> <span class='ocrx_word' id='word_1_111' title='bbox 973 1369 1390 1430; x_wconf 81' lang='lat' dir='ltr'><strong>cohonestetur</strong></span> <span class='ocrx_word' id='word_1_112' title='bbox 1420 1391 1527 1452; x_wconf 89' lang='lat' dir='ltr'><strong>per</strong></span> <span class='ocrx_word' id='word_1_113' title='bbox 1566 1370 1819 1431; x_wconf 86' lang='lat' dir='ltr'><strong>verbum</strong></span> <span class='ocrx_word' id='word_1_114' title='bbox 1851 1373 1957 1432; x_wconf 92' lang='lat' dir='ltr'><strong>Dei</strong></span> <span class='ocrx_word' id='word_1_115' title='bbox 1989 1375 2069 1433; x_wconf 88' lang='lat' dir='ltr'><strong>sic</strong></span> <span class='ocrx_word' id='word_1_116' title='bbox 2097 1378 2464 1456; x_wconf 67' lang='lat' dir='ltr'><strong>expositum,</strong></span> 
     </span>
     <span class='ocr_line' id='line_1_14' title="bbox 323 1463 2468 1553; baseline 0.001 -24"><span class='ocrx_word' id='word_1_117' title='bbox 323 1472 506 1553; x_wconf 88' lang='lat' dir='ltr'><strong>prout</strong></span> <span class='ocrx_word' id='word_1_118' title='bbox 557 1466 999 1549; x_wconf 83' lang='lat' dir='ltr'><strong>Anabaptistae.,</strong></span> <span class='ocrx_word' id='word_1_119' title='bbox 1066 1463 1353 1542; x_wconf 84' lang='lat' dir='ltr'><strong>Quakeri‚</strong></span> <span class='ocrx_word' id='word_1_120' title='bbox 1423 1468 1718 1526; x_wconf 87' lang='lat' dir='ltr'><strong>Sociniani</strong></span> <span class='ocrx_word' id='word_1_121' title='bbox 1747 1513 1763 1542; x_wconf 64' lang='lat'>‚</span> <span class='ocrx_word' id='word_1_122' title='bbox 1830 1469 2196 1529; x_wconf 83' lang='lat' dir='ltr'><strong>Methodistae</strong></span> <span class='ocrx_word' id='word_1_123' title='bbox 2253 1483 2312 1530; x_wconf 92' lang='lat' dir='ltr'><strong>et</strong></span> <span class='ocrx_word' id='word_1_124' title='bbox 2371 1473 2468 1532; x_wconf 82' lang='lat' dir='ltr'><strong>alii</strong></span> 
     </span>
     <span class='ocr_line' id='line_1_15' title="bbox 323 1561 2469 1644; baseline 0.001 -19"><span class='ocrx_word' id='word_1_125' title='bbox 323 1576 638 1626; x_wconf 82' lang='lat' dir='ltr'><strong>novatores</strong></span> <span class='ocrx_word' id='word_1_126' title='bbox 655 1563 897 1622; x_wconf 83' lang='lat' dir='ltr'><strong>faciunt.</strong></span> <span class='ocrx_word' id='word_1_127' title='bbox 923 1562 1236 1640; x_wconf 86' lang='lat' dir='ltr'><strong>Quomodo</strong></span> <span class='ocrx_word' id='word_1_128' title='bbox 1257 1562 1419 1621; x_wconf 92' lang='lat' dir='ltr'><strong>enim</strong></span> <span class='ocrx_word' id='word_1_129' title='bbox 1449 1561 1700 1622; x_wconf 87' lang='lat' dir='ltr'><strong>verbum</strong></span> <span class='ocrx_word' id='word_1_130' title='bbox 1724 1564 1828 1623; x_wconf 92' lang='lat' dir='ltr'><strong>Dei</strong></span> <span class='ocrx_word' id='word_1_131' title='bbox 1848 1610 1864 1633; x_wconf 70' lang='grc'>,</span> <span class='ocrx_word' id='word_1_132' title='bbox 1904 1577 2080 1644; x_wconf 86' lang='lat' dir='ltr'><strong>prout</strong></span> <span class='ocrx_word' id='word_1_133' title='bbox 2106 1566 2316 1626; x_wconf 87' lang='lat' dir='ltr'><strong>litteris</strong></span> <span class='ocrx_word' id='word_1_134' title='bbox 2337 1588 2469 1627; x_wconf 90' lang='lat' dir='ltr'><strong>con-</strong></span> 
     </span>
     <span class='ocr_line' id='line_1_16' title="bbox 324 1658 2468 1744; baseline 0.001 -23"><span class='ocrx_word' id='word_1_135' title='bbox 324 1663 620 1742; x_wconf 80' lang='lat' dir='ltr'><strong>signatum</strong></span> <span class='ocrx_word' id='word_1_136' title='bbox 659 1670 780 1735; x_wconf 88' lang='lat' dir='ltr'><strong>est,</strong></span> <span class='ocrx_word' id='word_1_137' title='bbox 825 1670 1019 1741; x_wconf 88' lang='lat' dir='ltr'><strong>potest</strong></span> <span class='ocrx_word' id='word_1_138' title='bbox 1060 1658 1259 1738; x_wconf 81' lang='lat' dir='ltr'><strong>regula</strong></span> <span class='ocrx_word' id='word_1_139' title='bbox 1306 1679 1430 1717; x_wconf 86' lang='lat' dir='ltr'><strong>esse</strong></span> <span class='ocrx_word' id='word_1_140' title='bbox 1468 1658 1641 1732; x_wconf 74' lang='lat' dir='ltr'><strong>fidei,</strong></span> <span class='ocrx_word' id='word_1_141' title='bbox 1693 1659 1742 1717; x_wconf 92' lang='lat' dir='ltr'><strong>si</strong></span> <span class='ocrx_word' id='word_1_142' title='bbox 1785 1671 1906 1718; x_wconf 85' lang='lat' dir='ltr'><strong>tota</strong></span> <span class='ocrx_word' id='word_1_143' title='bbox 1953 1659 2023 1719; x_wconf 87' lang='lat' dir='ltr'><strong>lis</strong></span> <span class='ocrx_word' id='word_1_144' title='bbox 2070 1661 2189 1720; x_wconf 88' lang='lat' dir='ltr'><strong>fere</strong></span> <span class='ocrx_word' id='word_1_145' title='bbox 2233 1683 2468 1744; x_wconf 88' lang='lat' dir='ltr'><strong>semper</strong></span> 
     </span>
     <span class='ocr_line' id='line_1_17' title="bbox 325 1752 2469 1839; baseline -0 -21"><span class='ocrx_word' id='word_1_146' title='bbox 325 1758 582 1818; x_wconf 90' lang='lat' dir='ltr'><strong>vertitur</strong></span> <span class='ocrx_word' id='word_1_147' title='bbox 611 1756 759 1814; x_wconf 85' lang='lat' dir='ltr'><strong>circa</strong></span> <span class='ocrx_word' id='word_1_148' title='bbox 788 1776 1026 1814; x_wconf 89' lang='lat' dir='ltr'><strong>sensum</strong></span> <span class='ocrx_word' id='word_1_149' title='bbox 1063 1753 1234 1815; x_wconf 86' lang='lat' dir='ltr'><strong>verbi</strong></span> <span class='ocrx_word' id='word_1_150' title='bbox 1267 1752 1423 1814; x_wconf 75' lang='lat' dir='ltr'><strong>Dei?</strong></span> <span class='ocrx_word' id='word_1_151' title='bbox 1450 1754 1820 1837; x_wconf 85' lang='lat' dir='ltr'><strong>Quicumque</strong></span> <span class='ocrx_word' id='word_1_152' title='bbox 1851 1756 1916 1814; x_wconf 91' lang='lat' dir='ltr'><strong>in</strong></span> <span class='ocrx_word' id='word_1_153' title='bbox 1948 1757 2168 1835; x_wconf 87' lang='lat' dir='ltr'><strong>judicio</strong></span> <span class='ocrx_word' id='word_1_154' title='bbox 2197 1757 2327 1818; x_wconf 88' lang='lat' dir='ltr'><strong>lites</strong></span> <span class='ocrx_word' id='word_1_155' title='bbox 2355 1761 2469 1839; x_wconf 84' lang='lat' dir='ltr'><strong>agi-</strong></span> 
     </span>
     <span class='ocr_line' id='line_1_18' title="bbox 327 1849 2467 1936; baseline 0.001 -24"><span class='ocrx_word' id='word_1_156' title='bbox 327 1864 413 1912; x_wconf 86' lang='lat' dir='ltr'><strong>tat</strong></span> <span class='ocrx_word' id='word_1_157' title='bbox 442 1898 458 1927; x_wconf 70' lang='grc'><em>,</em></span> <span class='ocrx_word' id='word_1_158' title='bbox 504 1852 694 1931; x_wconf 82' lang='lat' dir='ltr'><strong>legem</strong></span> <span class='ocrx_word' id='word_1_159' title='bbox 734 1872 843 1933; x_wconf 85' lang='lat' dir='ltr'><strong>pro</strong></span> <span class='ocrx_word' id='word_1_160' title='bbox 888 1872 949 1910; x_wconf 92' lang='lat' dir='ltr'><strong>se</strong></span> <span class='ocrx_word' id='word_1_161' title='bbox 990 1849 1209 1909; x_wconf 85' lang='lat' dir='ltr'><strong>hahere</strong></span> <span class='ocrx_word' id='word_1_162' title='bbox 1251 1849 1602 1924; x_wconf 86' lang='lat' dir='ltr'><strong>contendit,</strong></span> <span class='ocrx_word' id='word_1_163' title='bbox 1653 1862 1714 1909; x_wconf 91' lang='lat' dir='ltr'><strong>et</strong></span> <span class='ocrx_word' id='word_1_164' title='bbox 1755 1852 1868 1910; x_wconf 90' lang='lat' dir='ltr'><strong>nisi</strong></span> <span class='ocrx_word' id='word_1_165' title='bbox 1901 1852 2093 1930; x_wconf 81' lang='lat' dir='ltr'><strong>judex</strong></span> <span class='ocrx_word' id='word_1_166' title='bbox 2127 1866 2309 1932; x_wconf 84' lang='lat' dir='ltr'><strong>esset,</strong></span> <span class='ocrx_word' id='word_1_167' title='bbox 2361 1856 2467 1936; x_wconf 90' lang='lat' dir='ltr'><strong>qui</strong></span> 
     </span>
     <span class='ocr_line' id='line_1_19' title="bbox 330 1947 2461 2029; baseline -0 -20"><span class='ocrx_word' id='word_1_168' title='bbox 330 1949 690 2010; x_wconf 85' lang='lat' dir='ltr'><strong>sententiam</strong></span> <span class='ocrx_word' id='word_1_169' title='bbox 715 1947 895 2007; x_wconf 88' lang='lat' dir='ltr'><strong>ferret</strong></span> <span class='ocrx_word' id='word_1_170' title='bbox 914 1993 931 2019; x_wconf 51' lang='lat'>5</span> <span class='ocrx_word' id='word_1_171' title='bbox 974 1947 1175 2006; x_wconf 89' lang='lat' dir='ltr'><strong>nullus</strong></span> <span class='ocrx_word' id='word_1_172' title='bbox 1200 1969 1467 2029; x_wconf 84' lang='lat' dir='ltr'><strong>unquam</strong></span> <span class='ocrx_word' id='word_1_173' title='bbox 1491 1947 1581 2006; x_wconf 90' lang='lat' dir='ltr'><strong>liti</strong></span> <span class='ocrx_word' id='word_1_174' title='bbox 1606 1959 1664 2006; x_wconf 89' lang='lat' dir='ltr'><strong>et</strong></span> <span class='ocrx_word' id='word_1_175' title='bbox 1692 1950 2100 2010; x_wconf 84' lang='lat' dir='ltr'><strong>controversiae</strong></span> <span class='ocrx_word' id='word_1_176' title='bbox 2131 1951 2263 2009; x_wconf 88' lang='lat' dir='ltr'><strong>finis</strong></span> <span class='ocrx_word' id='word_1_177' title='bbox 2289 1963 2461 2011; x_wconf 89' lang='lat' dir='ltr'><strong>esset.</strong></span> 
     </span>
     <span class='ocr_line' id='line_1_20' title="bbox 325 2043 2467 2128; baseline 0 -22"><span class='ocrx_word' id='word_1_178' title='bbox 325 2046 536 2106; x_wconf 90' lang='lat' dir='ltr'><strong>Nullus</strong></span> <span class='ocrx_word' id='word_1_179' title='bbox 588 2067 854 2126; x_wconf 88' lang='lat' dir='ltr'><strong>unquam</strong></span> <span class='ocrx_word' id='word_1_180' title='bbox 898 2043 1204 2104; x_wconf 80' lang='lat' dir='ltr'><strong>haereticus</strong></span> <span class='ocrx_word' id='word_1_181' title='bbox 1257 2044 1486 2118; x_wconf 65' lang='lat' dir='ltr'><strong>extitit,</strong></span> <span class='ocrx_word' id='word_1_182' title='bbox 1537 2046 1638 2125; x_wconf 90' lang='lat' dir='ltr'><strong>qui</strong></span> <span class='ocrx_word' id='word_1_183' title='bbox 1679 2066 1802 2103; x_wconf 93' lang='lat' dir='ltr'><strong>non</strong></span> <span class='ocrx_word' id='word_1_184' title='bbox 1853 2044 2197 2124; x_wconf 83' lang='lat' dir='ltr'><strong>gloriaretur</strong></span> <span class='ocrx_word' id='word_1_185' title='bbox 2252 2069 2360 2128; x_wconf 88' lang='lat' dir='ltr'><strong>pro</strong></span> <span class='ocrx_word' id='word_1_186' title='bbox 2405 2069 2467 2107; x_wconf 91' lang='lat' dir='ltr'><strong>se</strong></span> 
     </span>
     <span class='ocr_line' id='line_1_21' title="bbox 326 2138 2466 2225; baseline -0.001 -23"><span class='ocrx_word' id='word_1_187' title='bbox 326 2164 450 2202; x_wconf 90' lang='lat' dir='ltr'><strong>esse</strong></span> <span class='ocrx_word' id='word_1_188' title='bbox 481 2140 733 2202; x_wconf 82' lang='lat' dir='ltr'><strong>verbum</strong></span> <span class='ocrx_word' id='word_1_189' title='bbox 765 2140 903 2216; x_wconf 83' lang='lat' dir='ltr'><strong>Dei,</strong></span> <span class='ocrx_word' id='word_1_190' title='bbox 938 2141 1018 2198; x_wconf 86' lang='lat' dir='ltr'><strong>ita</strong></span> <span class='ocrx_word' id='word_1_191' title='bbox 1061 2140 1356 2214; x_wconf 72' lang='lat' dir='ltr'><strong>Gnostici,</strong></span> <span class='ocrx_word' id='word_1_192' title='bbox 1391 2140 1470 2198; x_wconf 85' lang='lat' dir='ltr'><strong>ita</strong></span> <span class='ocrx_word' id='word_1_193' title='bbox 1503 2138 1805 2200; x_wconf 82' lang='lat' dir='ltr'><strong>Manichaei</strong></span> <span class='ocrx_word' id='word_1_194' title='bbox 1836 2153 1896 2200; x_wconf 91' lang='lat' dir='ltr'><strong>et</strong></span> <span class='ocrx_word' id='word_1_195' title='bbox 1919 2143 2094 2201; x_wconf 88' lang='lat' dir='ltr'><strong>ceteri</strong></span> <span class='ocrx_word' id='word_1_196' title='bbox 2124 2164 2327 2202; x_wconf 88' lang='lat' dir='ltr'><strong>omnes</strong></span> <span class='ocrx_word' id='word_1_197' title='bbox 2367 2144 2466 2225; x_wconf 89' lang='lat' dir='ltr'><strong>qui</strong></span> 
     </span>
     <span class='ocr_line' id='line_1_22' title="bbox 325 2236 2467 2317; baseline 0 -20"><span class='ocrx_word' id='word_1_198' title='bbox 325 2260 450 2297; x_wconf 89' lang='lat' dir='ltr'><strong>non</strong></span> <span class='ocrx_word' id='word_1_199' title='bbox 484 2259 647 2297; x_wconf 88' lang='lat' dir='ltr'><strong>secus</strong></span> <span class='ocrx_word' id='word_1_200' title='bbox 683 2258 749 2296; x_wconf 86' lang='lat' dir='ltr'><strong>ac</strong></span> <span class='ocrx_word' id='word_1_201' title='bbox 775 2239 1174 2295; x_wconf 86' lang='lat' dir='ltr'><strong>Protestantes</strong></span> <span class='ocrx_word' id='word_1_202' title='bbox 1208 2236 1272 2293; x_wconf 92' lang='lat' dir='ltr'><strong>in</strong></span> <span class='ocrx_word' id='word_1_203' title='bbox 1302 2236 1644 2294; x_wconf 86' lang='lat' dir='ltr'><strong>innumeras</strong></span> <span class='ocrx_word' id='word_1_204' title='bbox 1666 2257 1852 2317; x_wconf 85' lang='lat' dir='ltr'><strong>prope</strong></span> <span class='ocrx_word' id='word_1_205' title='bbox 1881 2249 2064 2297; x_wconf 89' lang='lat' dir='ltr'><strong>sectas</strong></span> <span class='ocrx_word' id='word_1_206' title='bbox 2088 2259 2189 2297; x_wconf 90' lang='lat' dir='ltr'><strong>seu</strong></span> <span class='ocrx_word' id='word_1_207' title='bbox 2220 2238 2467 2298; x_wconf 82' lang='lat' dir='ltr'><strong>frustula</strong></span> 
     </span>
     <span class='ocr_line' id='line_1_23' title="bbox 326 2330 2466 2415; baseline -0.001 -21"><span class='ocrx_word' id='word_1_208' title='bbox 326 2334 500 2394; x_wconf 89' lang='lat' dir='ltr'><strong>divisi</strong></span> <span class='ocrx_word' id='word_1_209' title='bbox 518 2343 656 2391; x_wconf 85' lang='lat' dir='ltr'><strong>sunt</strong></span> <span class='ocrx_word' id='word_1_210' title='bbox 681 2377 696 2406; x_wconf 71' lang='grc'><em>,</em></span> <span class='ocrx_word' id='word_1_211' title='bbox 731 2330 891 2414; x_wconf 91' lang='lat' dir='ltr'><strong>quod</strong></span> <span class='ocrx_word' id='word_1_212' title='bbox 916 2332 1138 2412; x_wconf 81' lang='lat' dir='ltr'><strong>pariter</strong></span> <span class='ocrx_word' id='word_1_213' title='bbox 1160 2332 1407 2411; x_wconf 80' lang='lat' dir='ltr'><strong>contigit</strong></span> <span class='ocrx_word' id='word_1_214' title='bbox 1429 2331 1654 2391; x_wconf 85' lang='lat' dir='ltr'><strong>Arianis</strong></span> <span class='ocrx_word' id='word_1_215' title='bbox 1676 2377 1692 2406; x_wconf 90' lang='lat'><strong>.‚</strong></span> <span class='ocrx_word' id='word_1_216' title='bbox 1729 2332 1971 2415; x_wconf 88' lang='lat' dir='ltr'><strong>aliisque</strong></span> <span class='ocrx_word' id='word_1_217' title='bbox 1997 2333 2271 2392; x_wconf 91' lang='lat' dir='ltr'><strong>omnibus</strong></span> <span class='ocrx_word' id='word_1_218' title='bbox 2296 2335 2466 2395; x_wconf 90' lang='lat' dir='ltr'><strong>sectis</strong></span> 
     </span>
     <span class='ocr_line' id='line_1_24' title="bbox 327 2426 2379 2510; baseline 0 -21"><span class='ocrx_word' id='word_1_219' title='bbox 327 2429 401 2489; x_wconf 87' lang='lat' dir='ltr'><strong>ab</strong></span> <span class='ocrx_word' id='word_1_220' title='bbox 435 2428 686 2508; x_wconf 84' lang='lat' dir='ltr'><strong>Ecclesia</strong></span> <span class='ocrx_word' id='word_1_221' title='bbox 708 2427 1024 2508; x_wconf 65' lang='lat' dir='ltr'><strong>separatis,</strong></span> <span class='ocrx_word' id='word_1_222' title='bbox 1069 2447 1198 2507; x_wconf 86' lang='lat' dir='ltr'><strong>quae</strong></span> <span class='ocrx_word' id='word_1_223' title='bbox 1227 2426 1478 2507; x_wconf 87' lang='lat' dir='ltr'><strong>proinde</strong></span> <span class='ocrx_word' id='word_1_224' title='bbox 1507 2448 1713 2486; x_wconf 88' lang='lat' dir='ltr'><strong>omnes</strong></span> <span class='ocrx_word' id='word_1_225' title='bbox 1749 2448 1916 2510; x_wconf 79' lang='lat' dir='ltr'><strong>aeque</strong></span> <span class='ocrx_word' id='word_1_226' title='bbox 1941 2431 2244 2509; x_wconf 82' lang='lat' dir='ltr'><strong>perierunt</strong></span> <span class='ocrx_word' id='word_1_227' title='bbox 2269 2431 2379 2510; x_wconf 87' lang='lat'><strong>(1)</strong></span> 
     </span>
    </p>
   </div>
   <div class='ocr_carea' id='block_1_3' title="bbox 326 2619 1370 3768">
    <p class='ocr_par' dir='ltr' id='par_1_3' title="bbox 326 2619 1359 2858">
     <span class='ocr_line' id='line_1_25' title="bbox 326 2619 1359 2690; baseline -0.008 -17"><span class='ocrx_word' id='word_1_228' title='bbox 326 2627 432 2690; x_wconf 80' lang='lat' dir='ltr'><strong>cipe</strong></span> <span class='ocrx_word' id='word_1_229' title='bbox 469 2620 806 2686; x_wconf 77' lang='lat' dir='ltr'><strong>fondamental</strong></span> <span class='ocrx_word' id='word_1_230' title='bbox 851 2620 919 2667; x_wconf 78' lang='lat' dir='ltr'><strong>du</strong></span> <span class='ocrx_word' id='word_1_231' title='bbox 968 2619 1359 2685; x_wconf 77' lang='lat' dir='ltr'><strong>protestantisme</strong></span> 
     </span>
     <span class='ocr_line' id='line_1_26' title="bbox 327 2705 1358 2774; baseline -0.007 -16"><span class='ocrx_word' id='word_1_232' title='bbox 327 2719 395 2759; x_wconf 76' lang='lat' dir='ltr'><strong>est</strong></span> <span class='ocrx_word' id='word_1_233' title='bbox 423 2709 586 2758; x_wconf 66' lang='lat' dir='ltr'><strong>admi-3</strong></span> <span class='ocrx_word' id='word_1_234' title='bbox 604 2707 920 2774; x_wconf 56' lang='lat' dir='ltr'><strong>atq&#39;ourd’hui</strong></span> <span class='ocrx_word' id='word_1_235' title='bbox 940 2722 1056 2753; x_wconf 74' lang='lat' dir='ltr'><strong>sam</strong></span> <span class='ocrx_word' id='word_1_236' title='bbox 1086 2705 1358 2752; x_wconf 76' lang='lat' dir='ltr'><strong>restriction</strong></span> 
     </span>
     <span class='ocr_line' id='line_1_27' title="bbox 329 2788 889 2858; baseline -0.009 -16"><span class='ocrx_word' id='word_1_237' title='bbox 329 2791 434 2857; x_wconf 68' lang='lat'>(5³¹0</span> <span class='ocrx_word' id='word_1_238' title='bbox 457 2794 562 2841; x_wconf 88' lang='lat' dir='ltr'><strong>livr.</strong></span> <span class='ocrx_word' id='word_1_239' title='bbox 597 2807 709 2858; x_wconf 81' lang='lat' dir='ltr'><strong>pag.</strong></span> <span class='ocrx_word' id='word_1_240' title='bbox 743 2788 889 2853; x_wconf 84' lang='lat'>151).</span> 
     </span>
    </p>

    <p class='ocr_par' dir='ltr' id='par_1_4' title="bbox 329 2872 1370 3768">
     <span class='ocr_line' id='line_1_28' title="bbox 378 2872 1358 2942; baseline -0.007 -16.843"><span class='ocrx_word' id='word_1_241' title='bbox 378 2876 441 2940; x_wconf 92' lang='lat' dir='ltr'><strong>(l</strong></span> <span class='ocrx_word' id='word_1_242' title='bbox 453 2879 467 2942; x_wconf 91' lang='lat'>)</span> <span class='ocrx_word' id='word_1_243' title='bbox 506 2874 716 2924; x_wconf 82' lang='lat' dir='ltr'><strong>Gnostici</strong></span> <span class='ocrx_word' id='word_1_244' title='bbox 748 2875 837 2922; x_wconf 88' lang='lat' dir='ltr'><strong>cito</strong></span> <span class='ocrx_word' id='word_1_245' title='bbox 867 2875 918 2920; x_wconf 92' lang='lat' dir='ltr'><strong>in</strong></span> <span class='ocrx_word' id='word_1_246' title='bbox 938 2872 1239 2938; x_wconf 84' lang='lat' dir='ltr'><strong>quiquaginta</strong></span> <span class='ocrx_word' id='word_1_247' title='bbox 1262 2888 1358 2918; x_wconf 89' lang='lat' dir='ltr'><strong>sec-</strong></span> 
     </span>
     <span class='ocr_line' id='line_1_29' title="bbox 330 2953 1359 3031; baseline -0.008 -22"><span class='ocrx_word' id='word_1_248' title='bbox 330 2971 398 3009; x_wconf 86' lang='lat' dir='ltr'><strong>tas</strong></span> <span class='ocrx_word' id='word_1_249' title='bbox 424 2960 561 3009; x_wconf 88' lang='lat' dir='ltr'><strong>divisi</strong></span> <span class='ocrx_word' id='word_1_250' title='bbox 585 2967 732 3031; x_wconf 85' lang='lat' dir='ltr'><strong>sunt,</strong></span> <span class='ocrx_word' id='word_1_251' title='bbox 775 2957 887 3022; x_wconf 88' lang='lat' dir='ltr'><strong>ipsis</strong></span> <span class='ocrx_word' id='word_1_252' title='bbox 930 2953 1185 3025; x_wconf 78' lang='lat' dir='ltr'><strong>fatentibus</strong></span> <span class='ocrx_word' id='word_1_253' title='bbox 1236 2953 1359 3002; x_wconf 81' lang='lat' dir='ltr'><strong>Mos-</strong></span> 
     </span>
     <span class='ocr_line' id='line_1_30' title="bbox 329 3019 1359 3101; baseline -0.007 -11"><span class='ocrx_word' id='word_1_254' title='bbox 329 3043 519 3101; x_wconf 66' lang='lat' dir='ltr'><strong>hamio,</strong></span> <span class='ocrx_word' id='word_1_255' title='bbox 540 3041 749 3099; x_wconf 82' lang='lat' dir='ltr'><strong>Clerico,</strong></span> <span class='ocrx_word' id='word_1_256' title='bbox 768 3036 1051 3086; x_wconf 85' lang='lat' dir='ltr'><strong>Beausobrio</strong></span> <span class='ocrx_word' id='word_1_257' title='bbox 1073 3019 1227 3100; x_wconf 80' lang='lat' dir='ltr'><strong>,apud</strong></span> <span class='ocrx_word' id='word_1_258' title='bbox 1243 3034 1359 3084; x_wconf 90' lang='lat' dir='ltr'><strong>Gib-</strong></span> 
     </span>
     <span class='ocr_line' id='line_1_31' title="bbox 331 3117 1362 3188; baseline -0.007 -16"><span class='ocrx_word' id='word_1_259' title='bbox 331 3125 426 3172; x_wconf 89' lang='lat' dir='ltr'><strong>bon</strong></span> <span class='ocrx_word' id='word_1_260' title='bbox 446 3142 560 3188; x_wconf 86' lang='lat' dir='ltr'><strong>,.op</strong></span> <span class='ocrx_word' id='word_1_261' title='bbox 581 3126 663 3170; x_wconf 88' lang='lat' dir='ltr'><strong>cit.</strong></span> <span class='ocrx_word' id='word_1_262' title='bbox 691 3121 775 3169; x_wconf 91' lang='lat' dir='ltr'><strong>lib.</strong></span> <span class='ocrx_word' id='word_1_263' title='bbox 811 3137 848 3182; x_wconf 80' lang='lat'><strong>1,</strong></span> <span class='ocrx_word' id='word_1_264' title='bbox 873 3137 977 3185; x_wconf 80' lang='lat' dir='ltr'><strong>cap.</strong></span> <span class='ocrx_word' id='word_1_265' title='bbox 1009 3117 1086 3168; x_wconf 88' lang='lat'><strong>15.</strong></span> <span class='ocrx_word' id='word_1_266' title='bbox 1109 3118 1362 3166; x_wconf 75' lang='lat' dir='ltr'><strong>Tertullia-</strong></span> 
     </span>
     <span class='ocr_line' id='line_1_32' title="bbox 331 3201 1359 3271; baseline -0.007 -16"><span class='ocrx_word' id='word_1_267' title='bbox 331 3224 422 3255; x_wconf 87' lang='lat' dir='ltr'><strong>nus</strong></span> <span class='ocrx_word' id='word_1_268' title='bbox 441 3243 453 3266; x_wconf 84' lang='lat'><strong><em>‚</em></strong></span> <span class='ocrx_word' id='word_1_269' title='bbox 477 3206 674 3271; x_wconf 85' lang='lat' dir='ltr'><strong>loquens</strong></span> <span class='ocrx_word' id='word_1_270' title='bbox 705 3204 763 3252; x_wconf 89' lang='lat' dir='ltr'><strong>de</strong></span> <span class='ocrx_word' id='word_1_271' title='bbox 792 3201 1078 3251; x_wconf 81' lang='lat' dir='ltr'><strong>Marcionitis</strong></span> <span class='ocrx_word' id='word_1_272' title='bbox 1095 3238 1109 3262; x_wconf 93' lang='lat'>‚</span> <span class='ocrx_word' id='word_1_273' title='bbox 1137 3201 1322 3250; x_wconf 89' lang='lat' dir='ltr'><strong>dicebat</strong></span> <span class='ocrx_word' id='word_1_274' title='bbox 1345 3218 1359 3248; x_wconf 77' lang='lat' dir='ltr'><strong><em>z</em></strong></span> 
     </span>
     <span class='ocr_line' id='line_1_33' title="bbox 332 3282 1364 3352; baseline -0.005 -15"><span class='ocrx_word' id='word_1_275' title='bbox 332 3287 552 3337; x_wconf 80' lang='lat' dir='ltr'><strong>Faciunt</strong></span> <span class='ocrx_word' id='word_1_276' title='bbox 578 3287 718 3351; x_wconf 81' lang='lat' dir='ltr'><strong>favos</strong></span> <span class='ocrx_word' id='word_1_277' title='bbox 743 3293 789 3334; x_wconf 78' lang='lat' dir='ltr'><strong>et</strong></span> <span class='ocrx_word' id='word_1_278' title='bbox 822 3302 974 3352; x_wconf 80' lang='lat' dir='ltr'><strong>vespoe</strong></span> <span class='ocrx_word' id='word_1_279' title='bbox 992 3320 1006 3344; x_wconf 94' lang='lat'>,</span> <span class='ocrx_word' id='word_1_280' title='bbox 1040 3285 1237 3349; x_wconf 79' lang='lat' dir='ltr'><strong>faciunt</strong></span> <span class='ocrx_word' id='word_1_281' title='bbox 1261 3282 1364 3333; x_wconf 82' lang='lat' dir='ltr'><strong>Ec-</strong></span> 
     </span>
     <span class='ocr_line' id='line_1_34' title="bbox 331 3369 1366 3422; baseline -0.003 -2"><span class='ocrx_word' id='word_1_282' title='bbox 331 3371 505 3421; x_wconf 67' lang='lat' dir='ltr'><strong>clesiae</strong></span> <span class='ocrx_word' id='word_1_283' title='bbox 523 3378 569 3417; x_wconf 85' lang='lat' dir='ltr'><strong>et</strong></span> <span class='ocrx_word' id='word_1_284' title='bbox 584 3370 916 3418; x_wconf 81' lang='lat' dir='ltr'><strong>Marcionitoe.</strong></span> <span class='ocrx_word' id='word_1_285' title='bbox 941 3369 1261 3418; x_wconf 82' lang='lat' dir='ltr'><strong>Recensentm·</strong></span> <span class='ocrx_word' id='word_1_286' title='bbox 1281 3385 1366 3422; x_wconf 87' lang='lat' dir='ltr'><strong>no-</strong></span> 
     </span>
     <span class='ocr_line' id='line_1_35' title="bbox 333 3451 1369 3517; baseline -0.003 -14"><span class='ocrx_word' id='word_1_287' title='bbox 333 3453 595 3503; x_wconf 76' lang='lat' dir='ltr'><strong>vemdecim</strong></span> <span class='ocrx_word' id='word_1_288' title='bbox 613 3451 722 3501; x_wconf 84' lang='lat' dir='ltr'><strong>fidei</strong></span> <span class='ocrx_word' id='word_1_289' title='bbox 746 3453 1057 3501; x_wconf 83' lang='lat' dir='ltr'><strong>confessiones</strong></span> <span class='ocrx_word' id='word_1_290' title='bbox 1085 3454 1233 3516; x_wconf 86' lang='lat' dir='ltr'><strong>spatio</strong></span> <span class='ocrx_word' id='word_1_291' title='bbox 1249 3469 1369 3517; x_wconf 86' lang='lat' dir='ltr'><strong>qua-</strong></span> 
     </span>
     <span class='ocr_line' id='line_1_36' title="bbox 334 3532 1368 3586; baseline -0.006 0"><span class='ocrx_word' id='word_1_292' title='bbox 334 3536 590 3586; x_wconf 85' lang='lat' dir='ltr'><strong>tuordecim</strong></span> <span class='ocrx_word' id='word_1_293' title='bbox 634 3535 817 3583; x_wconf 79' lang='lat' dir='ltr'><strong>circiter</strong></span> <span class='ocrx_word' id='word_1_294' title='bbox 864 3551 1094 3583; x_wconf 82' lang='lat' dir='ltr'><strong>annorum</strong></span> <span class='ocrx_word' id='word_1_295' title='bbox 1138 3533 1269 3581; x_wconf 77' lang='lat' dir='ltr'><strong>editae</strong></span> <span class='ocrx_word' id='word_1_296' title='bbox 1308 3532 1368 3580; x_wconf 84' lang='lat' dir='ltr'><strong>ab</strong></span> 
     </span>
     <span class='ocr_line' id='line_1_37' title="bbox 335 3616 1362 3684; baseline -0.003 -14"><span class='ocrx_word' id='word_1_297' title='bbox 335 3621 521 3670; x_wconf 82' lang='lat' dir='ltr'><strong>Arianis</strong></span> <span class='ocrx_word' id='word_1_298' title='bbox 552 3656 566 3682; x_wconf 89' lang='lat'>,</span> <span class='ocrx_word' id='word_1_299' title='bbox 603 3618 729 3684; x_wconf 78' lang='lat' dir='ltr'><strong>ap&#39;ud</strong></span> <span class='ocrx_word' id='word_1_300' title='bbox 774 3616 1045 3677; x_wconf 88' lang='lat' dir='ltr'><strong>Petavium‚</strong></span> <span class='ocrx_word' id='word_1_301' title='bbox 1080 3616 1162 3667; x_wconf 83' lang='lat' dir='ltr'><strong>De</strong></span> <span class='ocrx_word' id='word_1_302' title='bbox 1212 3616 1362 3667; x_wconf 79' lang='lat' dir='ltr'><strong>Trin.</strong></span> 
     </span>
     <span class='ocr_line' id='line_1_38' title="bbox 333 3699 1370 3768; baseline -0.003 -18"><span class='ocrx_word' id='word_1_303' title='bbox 333 3702 423 3753; x_wconf 86' lang='lat' dir='ltr'><strong>lib.</strong></span> <span class='ocrx_word' id='word_1_304' title='bbox 471 3720 523 3765; x_wconf 82' lang='lat'><strong>1,</strong></span> <span class='ocrx_word' id='word_1_305' title='bbox 567 3718 669 3767; x_wconf 83' lang='lat' dir='ltr'><strong>cap.</strong></span> <span class='ocrx_word' id='word_1_306' title='bbox 712 3716 774 3768; x_wconf 87' lang='lat'><strong>7,</strong></span> <span class='ocrx_word' id='word_1_307' title='bbox 809 3718 856 3750; x_wconf 88' lang='lat' dir='ltr'><strong>n.</strong></span> <span class='ocrx_word' id='word_1_308' title='bbox 902 3699 979 3749; x_wconf 85' lang='lat'><strong>13.</strong></span> <span class='ocrx_word' id='word_1_309' title='bbox 1011 3699 1070 3749; x_wconf 88' lang='lat' dir='ltr'><strong>Et</strong></span> <span class='ocrx_word' id='word_1_310' title='bbox 1100 3702 1166 3749; x_wconf 83' lang='lat' dir='ltr'><strong>sic</strong></span> <span class='ocrx_word' id='word_1_311' title='bbox 1209 3700 1370 3750; x_wconf 82' lang='lat' dir='ltr'><strong>ceteris</strong></span> 
     </span>
    </p>
   </div>
   <div class='ocr_carea' id='block_1_4' title="bbox 1441 2619 2469 3667">
    <p class='ocr_par' dir='ltr' id='par_1_5' title="bbox 1441 2619 2469 3667">
     <span class='ocr_line' id='line_1_39' title="bbox 1441 2619 2467 2685; baseline 0.001 -17"><span class='ocrx_word' id='word_1_312' title='bbox 1441 2619 1661 2668; x_wconf 89' lang='lat' dir='ltr'><strong>omnibus</strong></span> <span class='ocrx_word' id='word_1_313' title='bbox 1679 2622 1850 2668; x_wconf 83' lang='lat' dir='ltr'><strong>evenit.</strong></span> <span class='ocrx_word' id='word_1_314' title='bbox 1876 2619 2011 2685; x_wconf 84' lang='lat' dir='ltr'><strong>Quod</strong></span> <span class='ocrx_word' id='word_1_315' title='bbox 2027 2623 2192 2670; x_wconf 82' lang='lat' dir='ltr'><strong>attinet</strong></span> <span class='ocrx_word' id='word_1_316' title='bbox 2205 2621 2265 2670; x_wconf 88' lang='lat' dir='ltr'><strong>ad</strong></span> <span class='ocrx_word' id='word_1_317' title='bbox 2281 2631 2467 2670; x_wconf 88' lang='lat' dir='ltr'><strong>nostros</strong></span> 
     </span>
     <span class='ocr_line' id='line_1_40' title="bbox 1441 2703 2468 2771; baseline 0.006 -21"><span class='ocrx_word' id='word_1_318' title='bbox 1441 2703 1751 2753; x_wconf 79' lang='lat' dir='ltr'><strong>protestantes</strong></span> <span class='ocrx_word' id='word_1_319' title='bbox 1773 2743 1786 2766; x_wconf 87' lang='lat'>,</span> <span class='ocrx_word' id='word_1_320' title='bbox 1824 2722 1894 2754; x_wconf 83' lang='lat' dir='ltr'><strong>res</strong></span> <span class='ocrx_word' id='word_1_321' title='bbox 1938 2707 2054 2755; x_wconf 85' lang='lat' dir='ltr'><strong>adeo</strong></span> <span class='ocrx_word' id='word_1_322' title='bbox 2089 2717 2240 2771; x_wconf 87' lang='lat' dir='ltr'><strong>aperta</strong></span> <span class='ocrx_word' id='word_1_323' title='bbox 2281 2718 2384 2769; x_wconf 88' lang='lat' dir='ltr'><strong>est,</strong></span> <span class='ocrx_word' id='word_1_324' title='bbox 2416 2718 2468 2756; x_wconf 86' lang='lat' dir='ltr'><strong>ut</strong></span> 
     </span>
     <span class='ocr_line' id='line_1_41' title="bbox 1442 2782 2468 2857; baseline 0.006 -22"><span class='ocrx_word' id='word_1_325' title='bbox 1442 2789 1625 2854; x_wconf 89' lang='lat' dir='ltr'><strong>ipsimet</strong></span> <span class='ocrx_word' id='word_1_326' title='bbox 1667 2807 1797 2838; x_wconf 87' lang='lat' dir='ltr'><strong>nunc</strong></span> <span class='ocrx_word' id='word_1_327' title='bbox 1840 2790 1898 2839; x_wconf 88' lang='lat' dir='ltr'><strong>de</strong></span> <span class='ocrx_word' id='word_1_328' title='bbox 1938 2791 2024 2839; x_wconf 88' lang='lat' dir='ltr'><strong>hac</strong></span> <span class='ocrx_word' id='word_1_329' title='bbox 2065 2793 2321 2841; x_wconf 84' lang='lat' dir='ltr'><strong>variatione</strong></span> <span class='ocrx_word' id='word_1_330' title='bbox 2345 2782 2468 2857; x_wconf 39' lang='lat' dir='ltr'><strong>‘glo-</strong></span> 
     </span>
     <span class='ocr_line' id='line_1_42' title="bbox 1442 2871 2467 2941; baseline 0.005 -23"><span class='ocrx_word' id='word_1_331' title='bbox 1442 2872 1657 2920; x_wconf 85' lang='lat' dir='ltr'><strong>rientur..</strong></span> <span class='ocrx_word' id='word_1_332' title='bbox 1700 2871 1834 2922; x_wconf 85' lang='lat' dir='ltr'><strong>Certe</strong></span> <span class='ocrx_word' id='word_1_333' title='bbox 1874 2873 2161 2938; x_wconf 86' lang='lat' dir='ltr'><strong>impossibile</strong></span> <span class='ocrx_word' id='word_1_334' title='bbox 2199 2884 2265 2922; x_wconf 84' lang='lat' dir='ltr'><strong>est</strong></span> <span class='ocrx_word' id='word_1_335' title='bbox 2299 2885 2350 2922; x_wconf 88' lang='lat' dir='ltr'><strong>nt</strong></span> <span class='ocrx_word' id='word_1_336' title='bbox 2380 2877 2467 2941; x_wconf 86' lang='lat' dir='ltr'><strong>ipsi</strong></span> 
     </span>
     <span class='ocr_line' id='line_1_43' title="bbox 1442 2953 2468 3020; baseline 0.004 -18"><span class='ocrx_word' id='word_1_337' title='bbox 1442 2953 1618 3020; x_wconf 80' lang='lat' dir='ltr'><strong>possint</strong></span> <span class='ocrx_word' id='word_1_338' title='bbox 1644 2956 1982 3005; x_wconf 86' lang='lat' dir='ltr'><strong>confessionem</strong></span> <span class='ocrx_word' id='word_1_339' title='bbox 2026 2956 2136 3005; x_wconf 79' lang='lat' dir='ltr'><strong>fidei</strong></span> <span class='ocrx_word' id='word_1_340' title='bbox 2174 2955 2340 3006; x_wconf 83' lang='lat' dir='ltr'><strong>elicere</strong></span> <span class='ocrx_word' id='word_1_341' title='bbox 2375 2960 2468 3006; x_wconf 83' lang='lat' dir='ltr'><strong>sive</strong></span> 
     </span>
     <span class='ocr_line' id='line_1_44' title="bbox 1443 3042 2469 3105; baseline 0.002 -19"><span class='ocrx_word' id='word_1_342' title='bbox 1443 3055 1740 3102; x_wconf 81' lang='lat' dir='ltr'><strong>communem</strong></span> <span class='ocrx_word' id='word_1_343' title='bbox 1774 3042 1869 3088; x_wconf 83' lang='lat' dir='ltr'><strong>sive</strong></span> <span class='ocrx_word' id='word_1_344' title='bbox 1893 3051 2194 3105; x_wconf 82' lang='lat' dir='ltr'><strong>perpetuam3</strong></span> <span class='ocrx_word' id='word_1_345' title='bbox 2221 3058 2318 3089; x_wconf 91' lang='lat' dir='ltr'><strong>non</strong></span> <span class='ocrx_word' id='word_1_346' title='bbox 2343 3057 2469 3088; x_wconf 86' lang='lat' dir='ltr'><strong>com-</strong></span> 
     </span>
     <span class='ocr_line' id='line_1_45' title="bbox 1445 3122 2465 3187; baseline 0.002 -19"><span class='ocrx_word' id='word_1_347' title='bbox 1445 3138 1658 3182; x_wconf 78' lang='lat' dir='ltr'><strong>munem,</strong></span> <span class='ocrx_word' id='word_1_348' title='bbox 1679 3124 1788 3187; x_wconf 85' lang='lat' dir='ltr'><strong>quia</strong></span> <span class='ocrx_word' id='word_1_349' title='bbox 1802 3133 1868 3170; x_wconf 88' lang='lat' dir='ltr'><strong>est</strong></span> <span class='ocrx_word' id='word_1_350' title='bbox 1882 3126 2126 3186; x_wconf 72' lang='lat' dir='ltr'><strong>neqotimn</strong></span> <span class='ocrx_word' id='word_1_351' title='bbox 2145 3122 2465 3183; x_wconf 78' lang='lat' dir='ltr'><strong>individuale;</strong></span> 
     </span>
     <span class='ocr_line' id='line_1_46' title="bbox 1445 3205 2467 3271; baseline 0.002 -20"><span class='ocrx_word' id='word_1_352' title='bbox 1445 3221 1542 3251; x_wconf 89' lang='lat' dir='ltr'><strong>non</strong></span> <span class='ocrx_word' id='word_1_353' title='bbox 1587 3212 1867 3269; x_wconf 77' lang='lat' dir='ltr'><strong>perpetuam</strong></span> <span class='ocrx_word' id='word_1_354' title='bbox 1901 3242 1915 3266; x_wconf 84' lang='lat'>‚</span> <span class='ocrx_word' id='word_1_355' title='bbox 1957 3207 2068 3271; x_wconf 87' lang='lat' dir='ltr'><strong>quia</strong></span> <span class='ocrx_word' id='word_1_356' title='bbox 2106 3222 2267 3253; x_wconf 86' lang='lat' dir='ltr'><strong>eorum</strong></span> <span class='ocrx_word' id='word_1_357' title='bbox 2311 3205 2467 3270; x_wconf 84' lang='lat' dir='ltr'><strong>religio</strong></span> 
     </span>
     <span class='ocr_line' id='line_1_47' title="bbox 1447 3286 2463 3351; baseline -0.001 -17"><span class='ocrx_word' id='word_1_358' title='bbox 1447 3286 1688 3334; x_wconf 81' lang='lat' dir='ltr'><strong>assimilari</strong></span> <span class='ocrx_word' id='word_1_359' title='bbox 1713 3296 1860 3351; x_wconf 84' lang='lat' dir='ltr'><strong>potest</strong></span> <span class='ocrx_word' id='word_1_360' title='bbox 1874 3287 2042 3335; x_wconf 85' lang='lat' dir='ltr'><strong>tabulis</strong></span> <span class='ocrx_word' id='word_1_361' title='bbox 2062 3286 2422 3351; x_wconf 82' lang='lat' dir='ltr'><strong>metereologieis</strong></span> <span class='ocrx_word' id='word_1_362' title='bbox 2451 3324 2463 3346; x_wconf 89' lang='lat'>‚</span> 
     </span>
     <span class='ocr_line' id='line_1_48' title="bbox 1447 3368 2461 3434; baseline 0 -18"><span class='ocrx_word' id='word_1_363' title='bbox 1447 3371 1497 3417; x_wconf 88' lang='lat' dir='ltr'><strong>in</strong></span> <span class='ocrx_word' id='word_1_364' title='bbox 1528 3368 1700 3434; x_wconf 83' lang='lat' dir='ltr'><strong>quibus</strong></span> <span class='ocrx_word' id='word_1_365' title='bbox 1747 3369 2084 3417; x_wconf 86' lang='lat' dir='ltr'><strong>attendendum</strong></span> <span class='ocrx_word' id='word_1_366' title='bbox 2120 3379 2186 3417; x_wconf 84' lang='lat' dir='ltr'><strong>est</strong></span> <span class='ocrx_word' id='word_1_367' title='bbox 2212 3370 2271 3417; x_wconf 87' lang='lat' dir='ltr'><strong>ad</strong></span> <span class='ocrx_word' id='word_1_368' title='bbox 2307 3369 2461 3428; x_wconf 90' lang='lat' dir='ltr'><strong>diem,</strong></span> 
     </span>
     <span class='ocr_line' id='line_1_49' title="bbox 1447 3449 2467 3518; baseline -0.002 -18"><span class='ocrx_word' id='word_1_369' title='bbox 1447 3452 1610 3500; x_wconf 84' lang='lat' dir='ltr'><strong>horam</strong></span> <span class='ocrx_word' id='word_1_370' title='bbox 1631 3487 1644 3509; x_wconf 89' lang='lat'>‚</span> <span class='ocrx_word' id='word_1_371' title='bbox 1676 3449 1832 3498; x_wconf 84' lang='lat' dir='ltr'><strong>locum</strong></span> <span class='ocrx_word' id='word_1_372' title='bbox 1861 3461 1999 3518; x_wconf 84' lang='lat' dir='ltr'><strong>atque</strong></span> <span class='ocrx_word' id='word_1_373' title='bbox 2037 3452 2342 3516; x_wconf 83' lang='lat' dir='ltr'><strong>atmospherae</strong></span> <span class='ocrx_word' id='word_1_374' title='bbox 2374 3459 2467 3499; x_wconf 89' lang='lat' dir='ltr'><strong>sta—</strong></span> 
     </span>
     <span class='ocr_line' id='line_1_50' title="bbox 1449 3533 2467 3597; baseline 0 -17"><span class='ocrx_word' id='word_1_375' title='bbox 1449 3542 1581 3592; x_wconf 90' lang='lat' dir='ltr'><strong>tum,</strong></span> <span class='ocrx_word' id='word_1_376' title='bbox 1612 3550 1672 3580; x_wconf 84' lang='lat' dir='ltr'><strong>an</strong></span> <span class='ocrx_word' id='word_1_377' title='bbox 1720 3533 1941 3581; x_wconf 87' lang='lat' dir='ltr'><strong>humidus</strong></span> <span class='ocrx_word' id='word_1_378' title='bbox 1984 3544 2065 3582; x_wconf 88' lang='lat' dir='ltr'><strong>aut</strong></span> <span class='ocrx_word' id='word_1_379' title='bbox 2104 3536 2248 3582; x_wconf 85' lang='lat' dir='ltr'><strong>siccus</strong></span> <span class='ocrx_word' id='word_1_380' title='bbox 2278 3569 2291 3591; x_wconf 89' lang='lat'>‚</span> <span class='ocrx_word' id='word_1_381' title='bbox 2330 3549 2467 3597; x_wconf 86' lang='lat' dir='ltr'><strong>supra</strong></span> 
     </span>
     <span class='ocr_line' id='line_1_51' title="bbox 1449 3614 2468 3667; baseline 0 -4"><span class='ocrx_word' id='word_1_382' title='bbox 1449 3614 1522 3663; x_wconf 86' lang='lat' dir='ltr'><strong>vel</strong></span> <span class='ocrx_word' id='word_1_383' title='bbox 1555 3614 1679 3664; x_wconf 84' lang='lat' dir='ltr'><strong>infra</strong></span> <span class='ocrx_word' id='word_1_384' title='bbox 1712 3631 1842 3665; x_wconf 83' lang='lat' dir='ltr'><strong>zero.</strong></span> <span class='ocrx_word' id='word_1_385' title='bbox 1876 3615 2000 3666; x_wconf 85' lang='lat' dir='ltr'><strong>Hinc</strong></span> <span class='ocrx_word' id='word_1_386' title='bbox 2038 3617 2340 3667; x_wconf 76' lang='lat' dir='ltr'><strong>protestantes</strong></span> <span class='ocrx_word' id='word_1_387' title='bbox 2371 3633 2468 3663; x_wconf 90' lang='lat' dir='ltr'><strong>non</strong></span> 
     </span>
    </p>
   </div>
   <div class='ocr_carea' id='block_1_5' title="bbox 1449 3696 2466 3765">
    <p class='ocr_par' dir='ltr' id='par_1_6' title="bbox 1449 3696 2466 3765">
     <span class='ocr_line' id='line_1_52' title="bbox 1449 3696 2466 3765; baseline 0 -19"><span class='ocrx_word' id='word_1_388' title='bbox 1449 3707 1642 3764; x_wconf 87' lang='lat' dir='ltr'><strong>possunt</strong></span> <span class='ocrx_word' id='word_1_389' title='bbox 1669 3697 1819 3749; x_wconf 85' lang='lat' dir='ltr'><strong>dicere</strong></span> <span class='ocrx_word' id='word_1_390' title='bbox 1846 3698 1937 3748; x_wconf 84' lang='lat' dir='ltr'><strong>nisi</strong></span> <span class='ocrx_word' id='word_1_391' title='bbox 1966 3717 1981 3749; x_wconf 87' lang='lat'><strong>:</strong></span> <span class='ocrx_word' id='word_1_392' title='bbox 2010 3696 2112 3765; x_wconf 80' lang='lat' dir='ltr'><strong>qu</strong></span> <span class='ocrx_word' id='word_1_393' title='bbox 2142 3697 2278 3747; x_wconf 82' lang='lat' dir='ltr'><strong>credo</strong></span> <span class='ocrx_word' id='word_1_394' title='bbox 2296 3698 2350 3746; x_wconf 78' lang='lat' dir='ltr'><strong>in</strong></span> <span class='ocrx_word' id='word_1_395' title='bbox 2376 3714 2466 3760; x_wconf 83' lang='lat' dir='ltr'><strong>me,</strong></span> 
     </span>
    </p>
   </div>
  </div>
 </body>
</html>
