2554 4140
424 187 548 226 cu.
595 186 673 225 1v.
721 187 791 223 nn
833 183 1009 225 Ex1sr.
1055 184 1169 223 mv.
1215 181 1286 222 Ac
1329 181 1613 222 sumnum
1657 180 1788 219 miv.
2053 156 2169 218 137

60 346 127 395 ut
153 346 212 396 et
237 334 508 414 dogmata
533 356 565 392 a
590 354 650 392 se
679 330 930 392 invicem
951 325 1253 409 pendeant
1271 371 1287 400 ,
1316 337 1376 385 et
1397 325 1716 385 officiorum
1741 321 2006 383 omnium
2027 343 2174 404 prae-

62 431 297 513 cipuum
329 429 781 487 fundamentum
811 422 1170 483 constituant
1190 464 1206 493 ‚
1241 418 1399 500 quod
1431 440 1670 478 omnem
1699 420 2013 493 virtutem,
2052 418 2173 476 imo

61 538 120 586 et
135 527 418 587 virtutum
436 524 698 583 omnium
717 518 1135 601 perfectionem
1152 525 1211 573 et
1227 515 1450 595 apicem
1472 515 1760 591 insinuet,
1789 514 1948 596 quod
1965 515 2174 575 vitium

57 621 290 680 nullum
316 621 623 699 levemque
648 614 941 674 defectum
968 632 1092 669 non
1125 608 1389 669 eliminet
1408 653 1424 682 ,
1454 607 1612 689 quod
1643 620 1703 667 et
1738 611 1959 668 motiva
1989 609 2176 669 effica-

58 717 282 774 cissima
316 712 732 794 complectatur
765 717 826 767 et
860 705 1213 767 validissima
1254 702 1446 762 media
1486 702 1828 784 suppeditet
1861 703 1937 761 ad
1969 725 2035 763 ea
2076 703 2174 764 vel

58 808 329 889 fugienda
368 806 463 867 vel
504 800 911 887 prosequenda
941 846 957 874 ,
1005 799 1163 881 quod
1212 798 1527 858 constituto
1578 797 1787 856 ultimo
1829 798 1946 856 fine
1987 810 2176 859 cetera

60 904 253 962 omnia
270 901 343 960 ad
357 921 490 960 eum
510 900 687 958 finem
707 896 916 976 dirigat
934 941 950 971 7
977 895 1083 954 Dei
1100 915 1315 976 nempe
1338 892 1577 973 gloriam
1598 904 1656 952 et
1676 892 1930 951 hominis
1950 890 2178 953 bonum

61 1018 126 1057 ac
147 995 519 1070 beatitatem,
559 992 719 1074 quod
746 991 988 1051 demum
1023 989 1391 1070 simplicitate
1426 1010 1525 1048 sua
1551 986 1959 1047 sublimissima
1994 988 2179 1046 omni-

55 1090 165 1150 bus
189 1092 268 1150 ita
293 1088 795 1149 accommodatum
824 1087 900 1145 sit
916 1132 932 1162 ,
957 1097 1024 1144 ut
1048 1107 1250 1145 omnes
1269 1085 1511 1143 omnino
1527 1082 1888 1142 conditiones
1910 1128 1926 1157 ‚
1953 1092 2138 1141 status
2158 1127 2175 1158 ‚

55 1185 399 1246 varietatem
434 1183 900 1245 vicissitudinum
931 1202 997 1240 ac
1035 1179 1477 1239 multitudinem
1510 1179 1755 1259 attingat
1779 1224 1795 1254 ,
1826 1199 1947 1237 non
1982 1187 2180 1259 potest

54 1301 178 1338 non
202 1301 325 1339 esse
354 1302 385 1337 a
411 1281 533 1338 Deo
560 1279 686 1360 ipso
707 1323 722 1351 ‚
760 1276 853 1336 vel
879 1275 953 1335 ab
985 1297 1086 1350 en,
1118 1276 1219 1358 qui
1248 1276 1322 1334 sit
1344 1274 1580 1335 edoctus
1609 1296 1642 1334 a
1674 1277 1830 1347 De03
1871 1273 2036 1354 atqui
2061 1271 2178 1332 tale

55 1386 146 1435 est
181 1385 432 1454 systema
477 1372 823 1452 evangelicae
875 1370 1158 1430 doctrinae
1178 1416 1194 1445 7
1244 1382 1312 1429 ut
1347 1392 1417 1430 ex
1462 1369 1630 1428 dictis
1673 1370 1951 1430 evicimus
1974 1393 1991 1441 3
2041 1388 2178 1448 ergo

58 1469 331 1529 doctrinae
367 1467 710 1548 evangelicae
742 1465 1087 1527 excellentia
1117 1476 1177 1525 et
1206 1467 1480 1525 sanctitas
1514 1464 1782 1526 divinam
1811 1485 1877 1524 ac
1902 1485 2178 1546 superna-

57 1563 318 1623 turalem·
346 1563 564 1623 Christi
598 1562 933 1623 missionem
964 1561 1346 1622 invictissime
1379 1561 1707 1620 confirmat.

875 1792 1357 1834 DIFFICULTATES.

138 1956 278 2016 337.
326 1956 625 2035 Objiciunt
646 1958 866 2040 prim0.,
898 1979 1032 2017 cum
1063 1960 1130 2016 D.
1158 1957 1231 2017 de
1259 1957 1456 2017 Pradt.
1491 1957 1711 2038 Religio
1738 1957 2053 2018 christiana
2077 1981 2178 2042 op-

57 2053 296 2134 ponitur
315 2053 496 2113 civilis
521 2053 805 2112 societatis
829 2052 986 2112 bono
1006 2099 1022 2128 ,
1051 2065 1117 2112 ut
1138 2063 1300 2135 patet
1327 2055 1389 2111 10
1411 2074 1481 2112 ex
1502 2054 1626 2134 ipsa
1652 2058 1772 2131 ejus
1800 2054 2173 2136 perfectione.

59 2147 422 2207 Christianus
452 2160 540 2208 est
572 2149 748 2208 homo
780 2149 1099 2231 perfectuS‚
1142 2160 1230 2209 est
1256 2171 1359 2208 ens
1386 2148 1817 2231 privilegiatum
1840 2171 1905 2209 ac
1930 2150 2178 2232 proinde

54 2244 432 2302 rarissimum.
458 2243 624 2318 Quod
644 2255 840 2304 autem
867 2266 1072 2304 verum
1102 2256 1187 2304 est
1216 2246 1279 2303 in
1307 2244 1546 2318 morali,
1574 2244 1759 2303 multo
1784 2246 1964 2324 magis
1989 2246 2178 2306 verifi-

52 2349 214 2396 catur
228 2350 494 2420 respectu
513 2339 802 2420 religionis
821 2385 836 2414 7
867 2360 993 2421 quae
1020 2339 1097 2399 ad
1117 2339 1179 2398 id
1198 2340 1388 2399 tendit
1413 2351 1478 2398 ut
1501 2340 1803 2399 hominem
1828 2340 2172 2419 religiosum

53 2432 162 2492 sibi
192 2433 364 2492 vilem
390 2433 630 2507 reddat,
670 2446 737 2493 ut
763 2437 971 2494 merita
1001 2436 1111 2517 ipsi
1135 2446 1374 2495 eatenus
1413 2446 1647 2494 tantum
1682 2436 1992 2512 concedat,
2029 2458 2178 2518 qua-

50 2540 220 2588 tenus
256 2551 320 2589 ea
348 2551 470 2588 non
501 2552 534 2588 a
571 2531 805 2613 propria
847 2532 1067 2592 virtute
1106 2533 1320 2612 repetit
1344 2577 1359 2605 .,
1402 2530 1505 2590 sed
1546 2530 1618 2589 ab
1659 2532 1728 2589 iis
1771 2531 2129 2609 adjumentis
2155 2576 2171 2606 .,

48 2646 176 2706 quae
205 2625 290 2685 illi
327 2626 524 2707 religio
553 2627 677 2708 ipsa
711 2627 1064 2709 suppeditat.
1102 2626 1397 2705 Ejusmodi
1431 2626 1629 2706 religio
1666 2626 1970 2686 hominem
2003 2626 2162 2685 ultra

61 2867 251 2922 puentes
268 2895 281 2918 ,
306 2867 441 2922 prout
464 2859 769 2921 praestiterunt
795 2857 1066 2919 Dtfflerleiu,
1156 2859 1270 2906 tatis
1306 2856 1559 2922 reliqionis
1600 2856 1884 2906 christiam
1912 2858 2077 2923 potius
2116 2874 2175 2906 ex

58 2941 109 2986 in
153 2939 331 2987 Christ.
372 2937 917 3002 Reliqions·unterrieht
938 2977 951 2999 ‚
990 2958 1070 2989 seu
1154 2942 1350 2987 interna
1381 2939 1611 2988 doctrinm
1620 2942 1913 3004 praestantia
1942 2957 2090 3004 quam
2113 2956 2173 2988 exv

60 3019 354 3068 Christianoe
380 3020 519 3084 reliq.
549 3021 784 3080 doctrina,
811 3036 829 3068 1
844 3056 861 3081 ‚
901 3019 993 3087 193
1027 3032 1072 3070 et
1153 3020 1407 3069 miraculis
1425 3030 1469 3068 et
1484 3021 1753 3087 prophetiis
1771 3023 1835 3068 sie
1859 3020 2137 3069 deducenda
2157 3059 2170 3082 ,

58 3117 191 3166 eqq.;
208 3100 386 3166 Ziegler
408 3138 420 3161 ‚
464 3100 523 3148 V
518 3102 847 3167 ernnust-und
874 3102 1072 3166 schrift-
1154 3106 1205 3151 in
1225 3103 1388 3151 Henke
1400 3103 1524 3167 Mag.
1553 3119 1568 3150 1
1584 3141 1596 3161 ‚
1620 3121 1684 3151 20
1700 3114 1742 3152 et
1756 3121 1887 3170 seqq.
1907 3113 1951 3152 et
1969 3101 2175 3151 Summa

53 3184 260 3246 miissiqe
283 3181 335 3229 E
336 3187 586 3249 rorterunq
605 3223 618 3245 ‚
643 3185 753 3233 dass
776 3185 862 3231 der
887 3182 1072 3232 Beweis
1146 3193 1165 3232 t
1180 3184 1298 3233 heol.
1330 3184 1497 3233 christ.
1531 3186 1625 3251 373
1660 3185 1732 3234 Io.
1754 3183 2024 3234 Schulthess
2041 3224 2054 3246 ‚
2093 3185 2174 3234 De

49 3263 138 3328 fiir
163 3263 241 3311 die
266 3262 335 3310 W
334 3264 517 3313 ahrhez't
533 3267 638 3314 und
662 3265 972 3314 Gettlickkeit
985 3266 1072 3314 der
1156 3282 1256 3313 uno
1287 3265 1585 3331 planissimo
1621 3266 2000 3333 plenissimeque
2037 3283 2174 3332 arqu-

58 3345 157 3394 chr.
184 3345 339 3410 Rehy.
359 3346 493 3394 mehr
513 3364 604 3395 aus
628 3348 714 3396 der
736 3351 914 3396 innern
945 3346 996 3393 V
994 3365 1070 3396 or·
1156 3356 1314 3396 mento
1342 3365 1436 3414 pro
1486 3348 1741 3397 divinitate
1793 3348 2068 3415 disciplinoe
2116 3364 2174 3395 ae

57 3426 358 3494 trefflichkeit
383 3427 468 3475 der
490 3428 644 3477 Lehre
663 3467 676 3488 ‚
696 3430 768 3478 als
791 3447 880 3479 aus
901 3429 986 3479 W
982 3447 1074 3477 un·
1150 3446 1373 3495 personae
1408 3428 1529 3477 Jesu
1565 3430 1580 3493 (
1609 3447 1668 3478 ex
1703 3430 1842 3479 Joan.
1894 3447 1958 3478 vu
1983 3467 1995 3487 ‚
2053 3444 2107 3493 ¹7
2126 3430 2142 3492 )
2159 3466 2174 3489 ‚

56 3509 174 3557 dem
188 3509 291 3557 und
300 3508 383 3558 W
380 3511 696 3576 eissaqunqen
709 3530 775 3560 zu
785 3512 967 3577 seihren
987 3513 1068 3572 ist,
1161 3511 1276 3559 Tur.
1309 3509 1436 3560 1828
1452 3547 1467 3571 ,
1492 3530 1599 3577 pag.
1630 3528 1644 3559 ι
1666 3529 1681 3559 ι
1710 3529 1724 3573 ;
1745 3512 1892 3560 Locke
1914 3548 1926 3571 ‚
1954 3510 2058 3558 The
2077 3527 2175 3559 rea·

57 3608 136 3639 seu
165 3590 475 3640 Dilucidatio
500 3609 558 3640 ex
576 3595 763 3642 ratione
775 3596 1073 3660 etseriptura
1158 3592 1460 3642 sonableness
1486 3593 1865 3658 oschristianity
1881 3609 1936 3640 as
1963 3591 2176 3642 delivreel

54 3672 180 3735 quod
210 3674 552 3723 demonstratio
578 3675 794 3745 veritatis
814 3685 858 3724 et
885 3676 1074 3724 divini-
1155 3677 1211 3722 in
1232 3673 1309 3723 the
1327 3677 1588 3741 seriptures
1607 3711 1624 3738 ‚
1660 3675 1858 3724 London
1893 3671 2035 3741 1696.
