2554 4140
766 198 887 239 car.
936 198 1001 235 ιι.
1050 198 1116 234 ως
1159 195 1377 236 nncnss.
1423 195 1550 235 nav.
2143 172 2221 234 35

108 357 302 407 torum
343 362 505 402 more
557 341 930 400 dimittantur
969 337 1196 415 ingenti
1244 336 1514 394 omnium
1546 336 1769 414 Jurium
1818 355 1883 395 ac
1932 333 2218 396 societatis

97 446 322 520 jactura
343 483 360 512 a
412 437 509 498 vel
553 447 621 495 ut
662 434 872 494 existat
907 428 1144 510 aliquod
1192 427 1483 489 motivum
1533 442 1698 490 extra
1741 429 2064 490 humanam
2106 452 2223 490 na-

108 547 301 595 turam
346 531 632 615 positum‚
667 525 828 609 quod
862 524 961 584 illa
1002 523 1199 582 omnia
1234 534 1508 604 praestet,
1548 522 1750 585 divina
1777 547 1995 609 nempe
2029 547 2095 586 ao
2122 548 2223 585 su-

107 626 494 713 pernaturalis
521 621 834 694 revelatio;
877 641 978 679 seu
1007 617 1167 699 quod
1191 617 1352 677 idem
1393 628 1483 678 est
1528 641 1544 675 ε
1591 615 1742 677 Cum
1777 618 2035 681 humana
2077 622 2225 681 ratio

111 745 183 785 ex
216 746 277 784 se
309 721 527 782 motiva
549 716 893 777 sufficientia
926 737 1049 774 non
1080 711 1340 795 praebeat
1366 712 1442 772 ad
1471 712 1740 772 homines
1767 713 1830 771 in
1859 714 2045 774 officio
2082 738 2229 777 con-

110 816 379 882 tinendos
405 834 472 874 ac
498 810 882 872 retrahendos
924 832 958 869 a
995 809 1149 871 vitiis
1170 855 1187 883 7
1231 809 1448 868 iterum
1483 808 1793 868 necessitas
1837 811 1973 886 jure
2013 811 2223 870 merito

111 888 356 972 infertur
392 908 606 968 divinae
635 927 702 965 ac
738 903 1198 987 supernaturalis
1229 902 1603 965 revelationis
1634 903 1811 964 etiam
1839 904 1903 963 in
1941 903 2011 963 iis
2036 949 2053 979 ,
2094 925 2222 985 quae

112 1004 358 1068 naturali
401 1003 643 1064 rationis
675 1002 900 1063 lumine
947 1000 1213 1081 cognosci
1247 1009 1495 1081 possunt
1529 999 1639 1079 (1).

932 1202 1423 1246 DIFFICULTA'I'ES.

190 1345 290 1405 94.
339 1343 472 1423 Obj.
515 1345 576 1403 1ο
616 1365 651 1404 c<
667 1344 799 1425 Ipsa
835 1341 1362 1409 humanaementis
1391 1350 1602 1399 natura
1631 1349 1694 1399 et
1714 1338 1930 1398 summi
1967 1339 2230 1399 numinis

111 1442 242 1502 idea
287 1452 444 1501 recte
475 1437 837 1501 efformanda
873 1457 1113 1495 omnem
1151 1434 1475 1495 excludunt
1511 1433 1968 1516 supernaturalis
2003 1434 2232 1495 revela-

113 1536 287 1597 tionis
316 1534 753 1607 necessitatem3
799 1529 1299 1614 quemadmodum
1336 1529 1497 1590 enim
1534 1529 1730 1588 omnia
1757 1529 1868 1588 alia
1909 1530 2232 1589 animantia

111 1629 179 1689 iis
211 1629 430 1691 viribus
461 1627 702 1710 praedita
731 1638 870 1686 sunt
896 1673 912 1700 ,
954 1625 1164 1707 quibus
1189 1636 1413 1683 naturae
1450 1645 1567 1683 suae
1607 1625 1752 1684 fines
1792 1625 2079 1705 attingere
2103 1647 2232 1707 pos·

113 1724 232 1792 sint
264 1769 282 1801 ,
339 1723 420 1782 ita
475 1722 681 1804 procul
737 1720 916 1780 dubio
965 1720 1231 1779 homines
1277 1720 1503 1778 ratione
1563 1719 1670 1779 sibi
1726 1740 1992 1779 concessa
2050 1742 2232 1802 praes-

112 1830 244 1879 tant
280 1818 518 1899 reliquis
554 1814 950 1875 animantibus
969 1859 986 1888 7
1027 1814 1362 1894 eisdemque
1387 1813 1626 1872 facultas
1665 1813 1802 1872 data
1829 1825 1918 1873 est
1941 1835 2009 1873 ea
2033 1816 2233 1874 omnia

116 1911 481 1992 intelligendi
505 1922 565 1971 et
590 1909 943 1972 observandi
962 1954 979 1982 .,
1005 1930 1136 1990 quae
1170 1907 1245 1967 ad
1278 1929 1537 1967 summos
1563 1907 1809 1967 humani
1836 1909 2061 1988 generis
2085 1910 2231 1969 fines

116 2005 464 2066 obtinendos
484 2050 501 2080 ‚
539 2004 754 2064 scilicet
782 2003 857 2063 ad
880 2003 1065 2062 officia
1091 2003 1309 2062 tuenda
1339 2014 1400 2062 et
1423 2002 1498 2061 ad
1520 2002 1863 2082 religionem
1887 2003 2194 2063 colendam
2212 2049 2228 2078 ,

114 2111 401 2183 spectant.
436 2099 660 2159 Deinde
689 2101 757 2156 20
790 2098 1000 2172 hom0,
1041 2095 1216 2156 simul
1251 2107 1428 2178 atque
1453 2118 1521 2156 eo
1542 2098 1851 2179 pervenit,
1883 2109 1952 2156 ut
1984 2099 2229 2158 rationis

114 2205 173 2256 et
200 2194 369 2254 officii
390 2194 477 2253 sui
501 2193 610 2252 sibi
632 2193 892 2253 conscius
915 2193 990 2251 sit
1004 2237 1020 2267 .,
1045 2213 1281 2252 necesse
1304 2203 1394 2252 est
1414 2192 1703 2276 rationem
1726 2203 1926 2254 teneat
1940 2203 2227 2278 tanquam

113 2310 449 2371 supremam
475 2287 856 2368 cognoscendi
888 2288 1011 2348 vim
1031 2333 1048 2365 ‚
1088 2292 1248 2367 cujus
1283 2286 1515 2348 decreta
1549 2289 1613 2347 in
1642 2287 1916 2349 omnibus
1949 2289 2046 2352 vel
2082 2291 2231 2371 cogi-

115 2383 432 2443 tationibus
483 2383 580 2444 vel
628 2382 950 2443 actionibus
990 2405 1224 2444 servare
1281 2382 1514 2444 debeat.
1570 2382 1936 2467 Quicumque
1986 2395 2184 2446 autem
2214 2433 2231 2462 ‚

116 2490 312 2561 spreto
341 2478 452 2538 hoc
481 2479 721 2538 rationis
746 2478 1018 2538 humanae
1054 2478 1418 2561 principatu,
1448 2478 1818 2540 revelationis
1842 2525 1858 2555 .,
1901 2502 2031 2562 quae
2057 2481 2233 2541 modo

115 2575 542 2657 supernaturali
580 2575 656 2635 ad
697 2587 882 2636 certos
910 2574 1177 2635 homines
1214 2573 1406 2634 delata
1439 2575 1685 2652 dicitur,
1720 2598 1851 2635 eam
1885 2598 2008 2637 esse
2032 2590 2225 2638 aucto-

118 2669 349 2729 ritatem
373 2671 577 2730 statuit
592 2716 609 2746 ,
641 2682 709 2730 ut
732 2671 784 2731 ei
806 2672 931 2730 sine
954 2670 1077 2730 ulla
1104 2668 1467 2752 dubitatione
1491 2692 1639 2731 caeco
1663 2671 1920 2752 quodam
1947 2673 2230 2733 instinctu

118 2775 217 2824 aut
251 2786 424 2824 sensu
461 2765 790 2846 parendum
834 2765 910 2824 sit
940 2811 957 2840 .,
995 2766 1043 2824 is
1079 2786 1280 2826 veram
1316 2764 1572 2824 hominis
1616 2779 1892 2824 naturam
1933 2787 1999 2825 ac
2039 2766 2233 2848 digni-

119 2867 302 2919 tatem
341 2859 495 2919 tollit
527 2872 704 2942 atque
746 2861 977 2922 evertit.
1018 2860 1083 2920 30
1143 2861 1413 2919 Humana
1465 2882 1631 2920 mens
1672 2859 1896 2941 legibus
1939 2863 2231 2943 cogitandi

122 2951 230 3034 ipsi
278 2955 495 3015 innatis
540 2954 993 3038 obtemperanS‚
1049 2977 1431 3038 quaecumque
1479 2955 1575 3017 vel
1617 2978 1894 3017 sensuum
1950 2981 2060 3041 ope
2100 2960 2228 3042 ipse

194 3171 258 3234 (l)
294 3172 478 3240 Optime
516 3177 568 3227 S.
612 3177 778 3227 Thom.
824 3196 876 3244 p.
918 3195 957 3228 1.
1001 3197 1050 3246 q.
1095 3197 1129 3227 1.
1215 3178 1512 3228 admixtione
1531 3179 1791 3229 „cultorum
1812 3197 2029 3229 errorum
2050 3181 2237 3230 homini

124 3252 323 3302 ostendit
343 3247 369 3315 ,‘
395 3256 524 3323 qnod
557 3260 676 3309 circa
711 3276 768 3308 ea
810 3260 957 3308 etiam
973 3293 989 3320 ‚
1029 3277 1136 3325 quoe
1208 3262 1481 3328 perveniret
1503 3300 1517 3323 ,
1561 3279 1591 3309 a
1629 3264 1770 3328 cujus
1812 3270 1973 3310 tannen
2014 3265 2234 3313 veritatis

122 3335 181 3383 de
222 3332 323 3385 Deo
363 3338 546 3387 ratione
589 3340 804 3390 humana
851 3339 1138 3407 investiqari
1218 3345 1489 3410 coqm'tione
1508 3343 1736 3409 dependet
1747 3351 1843 3392 tota
1858 3343 2069 3392 hominis
2080 3345 2231 3406 salue,

124 3426 328 3483 possunt
344 3453 362 3480 ,
403 3423 722 3470 necessarium
760 3422 863 3487 fuit
899 3423 1141 3472 hominem
1220 3442 1326 3491 quoe
1363 3426 1419 3474 in
1463 3424 1571 3473 Deo
1608 3434 1691 3474 est.
1737 3425 1911 3474 Eadem
1952 3427 2151 3475 inculcat
2190 3435 2237 3476 et

128 3500 313 3548 instrui
333 3500 617 3551 revelatione
635 3503 808 3553 divina
825 3543 838 3566 ,
868 3507 986 3571 quia
1015 3508 1142 3554 veri·
1225 3510 1370 3557 fusius
1398 3507 1567 3556 evolvit
1596 3516 1695 3556 tum
1716 3523 1765 3556 2.
1790 3523 1838 3557 2.
1860 3526 1908 3574 q.
1934 3523 1980 3556 2.
1998 3518 2086 3557 art.
2113 3505 2164 3572 4.
2184 3510 2235 3555 in

129 3589 204 3630 tao
234 3581 292 3631 de
324 3581 432 3632 Deo
459 3600 553 3648 per
585 3587 819 3635 rationem
858 3589 1144 3654 investiqata
1232 3608 1356 3657 corp.
1379 3624 1395 3651 ,
1415 3597 1518 3640 tum
1546 3588 1726 3638 Contra
1737 3598 1897 3654 qemes
1908 3589 1993 3638 lib.
2012 3606 2047 3650 1,
2065 3605 2163 3655 cap.
2180 3587 2235 3653 4.

123 3665 300 3729 paucis
337 3673 382 3714 et
410 3682 502 3732 per
529 3665 722 3735 lonqum
747 3677 931 3737 tempus
957 3680 1000 3721 et
1034 3688 1144 3721 cum

1914 3750 1974 3810 3.
