2554 4140
288 162 410 221 300

918 184 986 218 nn
1030 183 1182 220 VERA
1227 171 1349 221 nntss
1399 186 1532 224 Anv.
1580 188 1783 226 aaran.

290 326 581 405 religiosa,
618 324 910 404 praecipue
938 324 1144 406 Lipsiae
1174 347 1330 383 anno
1365 325 1555 402 1631,
1587 338 1647 386 et
1671 328 2008 388 Maulbruni
2032 353 2189 392 anno
2229 334 2415 409 1654,

289 433 378 478 ast
406 440 513 478 nec
540 419 664 500 ipsa
686 429 958 499 optatum
985 419 1257 478 effectum
1285 434 1641 503 consequuta
1672 435 1830 482 sunt.
1871 423 1993 482 Sub
2018 426 2212 485 saeculi
2236 430 2419 488 XVIII

294 515 531 572 initium
553 560 568 587 .,
597 513 902 573 adnitente
927 514 1023 574 vel
1048 518 1302 575 maxime
1328 518 1609 576 Borussiae
1634 518 1788 597 Rege
1811 564 1826 593 7
1863 520 1962 600 qui
1989 520 2242 579 Berolini
2269 533 2422 582 tem-

288 610 455 691 plum
496 631 605 690 pro
641 621 890 691 utraque
937 610 1331 686 confessione,
1389 623 1453 670 ut
1500 614 1665 670 aiunt
1696 659 1711 687 7
1764 615 1947 673 erexit
1994 636 2059 674 ac
2096 616 2420 692 dedicavit,

286 706 482 763 denuo
523 717 746 764 tentata
777 727 894 787 pax
931 717 1048 778 est,
1097 707 1202 765 sed
1235 706 1657 766 obsistentibus
1696 708 2044 768 Lutheranis
2078 733 2170 770 res
2210 712 2423 772 infecta

287 802 477 859 cessit.
501 802 651 860 Novi
671 802 889 860 exarati
902 800 1039 888 libri
1061 801 1136 860 ad
1159 802 1435 861 eumdem
1464 824 1707 885 scopum
1737 803 2127 864 obtinendum
2144 851 2159 880 ‚
2185 828 2249 865 ac
2267 829 2423 869 nova

287 895 423 955 data
453 896 640 955 edicta
671 898 995 978 praesertim
1023 918 1053 954 a
1088 897 1367 955 Borussiae
1405 899 1558 977 Rege
1588 898 1903 958 Guillelmo
1943 902 2001 975 Ι,
2031 922 2188 960 anno
2221 902 2377 961 1736
2405 949 2421 978 ‚

286 991 498 1074 quibus
518 991 767 1070 jubebat
797 991 1144 1052 Calvinistas
1168 990 1437 1051 recedere
1452 1014 1484 1050 a
1501 993 1767 1053 doctrina
1782 994 1856 1053 de
1878 995 2387 1077 praedestinatione
2408 1043 2424 1073 ,

287 1088 649 1147 Lutheranos
693 1108 835 1146 vero
869 1108 900 1144 a
951 1085 1471 1144 consuetudinibus
1518 1086 1839 1164 abstinere,
1881 1113 2023 1172 quas
2058 1091 2247 1151 adhuc
2293 1114 2427 1151 cum

286 1183 563 1263 religione
602 1181 883 1239 catholica
939 1180 1329 1254 retinebant3
1379 1180 1565 1239 donec
1606 1183 1929 1243 Fridericus
1975 1188 2025 1244 ll
2065 1209 2220 1246 anno
2271 1188 2426 1248 1740

287 1280 453 1338 sectis
479 1276 752 1336 omnibus
769 1275 1013 1359 plenam
1031 1275 1366 1336 libertatem
1401 1277 1676 1335 restituit.
1704 1279 1830 1351 Quo
1857 1289 2121 1361 tempore
2147 1283 2254 1341 etsi
2277 1282 2427 1343 nihil

289 1533 464 1597 quique
485 1530 574 1578 hoc
599 1531 884 1578 inficiaretur
914 1531 1205 1595 syncretista
1232 1546 1316 1576 vo-

286 1624 484 1662 caretur.
515 1611 746 1661 Gustavus
788 1611 1055 1678 Adolphus‚
1081 1616 1318 1661 occasione

288 1695 529 1762 cujusdam
549 1698 812 1760 principum
840 1705 1098 1743 conventus
1119 1733 1131 1754 ,
1160 1705 1319 1742 auctor

287 1779 377 1826 fuit
395 1817 406 1834 ‚
425 1789 475 1826 ut
488 1778 672 1825 collatio
690 1779 1005 1825 institueretur
1024 1779 1143 1825 inter
1165 1777 1319 1824 Theo-

286 1861 412 1925 logos
454 1860 744 1908 Lutheranos
785 1870 830 1908 et
876 1850 1151 1907 Calvinistas
1192 1877 1316 1906 anno

294 1941 411 1991 1631
446 1981 459 2003 ‚
484 1946 533 1991 in
554 1961 645 2009 qua
666 1942 893 1991 confessio
919 1952 1173 2007 augustana
1192 1942 1318 1990 velut

287 2027 647 2074 fundamentum
667 2036 925 2074 sumeretur
947 2063 960 2085 ‚
996 2043 1137 2091 quam
1167 2025 1314 2073 refor-

291 2111 439 2171 mati,
466 2110 641 2175 absque
674 2112 873 2174 propriae
911 2108 1132 2157 doctrina·
1173 2106 1315 2156 detri-

288 2201 464 2249 mento,
479 2192 614 2239 facile
629 2192 869 2239 admittere
883 2193 1161 2256 potuissent3
1187 2189 1310 2238 nihil

288 2283 444 2321 tamen
477 2274 650 2321 sactum
683 2284 784 2336 est3
819 2284 954 2338 prout
993 2273 1113 2320 nihil
1146 2275 1317 2337 pariter

288 2356 462 2421 profuit
485 2355 771 2421 colloquium
798 2358 848 2402 in
876 2354 1162 2403 urbetCassel
1190 2373 1315 2403 anno

295 2436 416 2486 1661
441 2438 657 2487 habitum
686 2440 808 2486 inter
840 2437 1076 2501 theologos
1109 2436 1317 2484 Marbur·

289 2537 449 2585 genses
494 2531 537 2569 et
576 2520 1015 2583 Wittenbcrgenses.
1064 2518 1331 2567 Decretum¹

288 2613 445 2651 tamen
470 2604 546 2652 hic
566 2604 742 2651 editum
771 2613 871 2664 est,
894 2620 988 2669 quo
1015 2603 1313 2663 statuebatur,

290 2703 349 2733 ne
382 2696 566 2751 propter
594 2685 810 2733 articulos
833 2722 845 2745 ‚
876 2685 933 2733 de
955 2685 1126 2751 quibus
1145 2703 1315 2733 conve-

290 2771 388 2816 nire
416 2787 513 2816 non
542 2777 754 2833 poterant
774 2805 787 2827 ‚
822 2786 868 2816 se
900 2770 1100 2816 invicem
1135 2765 1318 2833 injuriis

289 2852 584 2912 lacesserent⁵
600 2870 718 2901 neve
732 2852 975 2900 calumniis
988 2852 1306 2917 objurgarent,

290 2935 363 2983 vel
391 2936 496 2983 odio
523 2945 911 3000 prosequerentur
934 2973 947 2995 ,
968 2936 1047 2983 sed
1067 2937 1318 3001 unusquis-

291 3035 382 3082 que
402 3017 585 3066 alterius
599 3020 741 3082 partis
757 3018 949 3065 asseclas
978 3034 1085 3066 vera
1106 3017 1317 3066 membra

293 3100 450 3146 unicoe
496 3116 618 3148 verae
668 3099 906 3148 Ecclesioe
946 3100 1155 3149 haberet.
1203 3100 1318 3147 Haec

292 3198 426 3245 porro
454 3185 696 3230 conventio
718 3183 840 3231 dicta
872 3183 959 3231 fuit
985 3184 1102 3230 ustio
1127 3198 1318 3230 conser—

290 3266 487 3321 vativa‚·
519 3282 682 3313 verum
711 3265 909 3331 theologi
941 3263 1210 3323 lutherani,
1236 3265 1317 3330 qui

291 3348 414 3397 illius
433 3347 679 3411 Participes
706 3349 891 3397 fuerant
908 3386 919 3406 ,
949 3351 999 3396 in
1017 3350 1318 3412 syncretistoe

292 3441 413 3479 notae
457 3433 766 3495 suspicionem
815 3431 1137 3480 incurrebant.
1185 3429 1316 3478 Paria

295 3531 385 3578 prae
399 3531 445 3562 se
460 3513 668 3562 ferebant
684 3529 735 3559 ea
757 3550 770 3572 ‚
792 3529 896 3578 quae
910 3515 1148 3579 proposuit
1171 3511 1315 3560 theol.

294 3596 603 3661 Tubingensis
630 3594 758 3643 Pfaff
781 3597 829 3642 in
864 3596 1055 3644 diversis
1085 3594 1318 3660 opusculis

294 3678 492 3729 collectis
523 3690 566 3729 et
588 3679 783 3745 vulgatis
814 3696 939 3727 anno
977 3677 1101 3742 1723
1121 3714 1135 3741 ‚
1162 3692 1190 3723 2
1221 3674 1319 3726 vol.

2114 1527 2431 1578 Gesammelte

1402 1607 1666 1675 Schriften,
1701 1628 1752 1658 so
1790 1626 1885 1659 zur
1930 1610 1987 1658 V
1983 1613 2285 1678 ereiniqunq,
2313 1623 2424 1673 etc„

1403 1711 1501 1753 seu,
1530 1692 1835 1741 Collectiones
1863 1693 1929 1740 ad
1946 1694 2282 1742 stabiliendam
2312 1711 2431 1742 con·

1411 1776 1628 1824 cordiam
1649 1814 1663 1836 ‚
1681 1786 1770 1825 etc.
1793 1777 1999 1842 Utraque
2016 1795 2134 1842 pars,
2155 1777 2428 1842 aiebatipse,

1402 1859 1540 1907 habet
1563 1859 1778 1907 articulos
1806 1846 2082 1907 necessarios
2109 1859 2168 1907 ad
2195 1860 2386 1907 salutem
2408 1880 2421 1919 ς

1403 1526 1553 1592 ἰη-40,
1603 1526 1776 1594 quibus
1844 1526 2058 1576 titulus:

1402 1941 1596 2008 diligant
1640 1959 1688 1990 se
1723 1959 1830 2006 ergo
1867 1953 1919 1989 ut
1964 1943 2125 1990 fratres
2148 1977 2164 2004 ‚
2192 1952 2236 1989 et
2277 1941 2431 1989 adhuc

1402 2024 1635 2072 residuam
1686 2027 1963 2089 opinionum
2005 2024 2319 2072 diversitatem
2356 2041 2431 2088 pa-

1402 2108 1567 2155 tienter
1605 2107 1790 2166 ferant,
1837 2109 1900 2154 ita
1937 2106 2125 2172 quidem
2167 2109 2293 2154 utin
2327 2123 2430 2171 pos-

1400 2200 1551 2238 terum
1570 2189 1772 2237 liberum
1792 2191 2049 2254 unicuique
2067 2191 2146 2248 sit,
2167 2205 2354 2237 caenam
2373 2205 2427 2236 ex

1400 2289 1546 2319 manu
1584 2271 1840 2319 Lutherani
1866 2272 1939 2319 ve‘l
1980 2271 2238 2319 Calviniani
2266 2271 2428 2335 praetli-

1400 2357 1564 2402 catoris
1610 2356 1837 2417 accipere.
1869 2352 1973 2401 Hoc
2006 2371 2110 2402 vero
2146 2355 2413 2414 consilium,

1399 2436 1560 2483 saltem
1587 2435 1710 2499 apud
1736 2435 2022 2482 Lutheranos
2042 2472 2055 2494 ‚
2095 2436 2296 2483 fautores
2331 2453 2427 2483 non

1399 2516 1602 2577 habuit;
1630 2519 1727 2580 ipse
1757 2516 2023 2564 Leibnitius
2051 2526 2095 2564 et
2130 2516 2345 2564 Molanns
2384 2518 2429 2564 ei

1405 2598 1794 2647 adversabantur.
1811 2597 1919 2646 Vid.
1940 2597 2203 2645 Amiraldus
2216 2598 2426 2646 calvinis-

1400 2690 1446 2728 ta
1465 2719 1477 2741 ‚
1514 2683 1564 2728 in
1596 2698 1674 2745 op.
1710 2682 1784 2728 cui
1815 2679 1979 2728 titulus
2004 2697 2018 2728 ε
2058 2679 2138 2726 De
2169 2681 2424 2727 secessione

1399 2762 1459 2811 ab
1491 2761 1714 2811 Ecclesia
1737 2779 1937 2810 romana
1951 2798 1968 2823 ,
1997 2761 2145 2826 deque
2161 2779 2284 2827 pace
2302 2764 2428 2810 inter

1399 2844 1695 2910 evanqelicos
1729 2846 1785 2892 in
1815 2846 2003 2909 neqotio
2035 2843 2285 2909 reliqionis
2312 2861 2426 2892 con-

1399 2928 1643 2976 stituenda
1663 2965 1673 2982 ,
1711 2925 1837 2994 1647
1855 2964 1868 2986 ,
1900 2938 1943 2975 et
1978 2929 2087 2976 dein
2116 2930 2166 2975 in
2194 2926 2389 2975 Irenico
2410 2965 2423 2988 ,

1401 3029 1526 3059 anno
1577 3006 1701 3057 1662
1722 3045 1735 3068 ,
1788 3010 2023 3070 Calixtus‚
2062 3009 2142 3057 De
2174 3008 2425 3057 tolerantia

1401 3093 1770 3157 reformatorum
1801 3095 1934 3140 circa
1976 3094 2259 3156 quaest-iones
2298 3094 2427 3140 inter

1402 3178 1531 3242 ipsos
1544 3183 1589 3223 et
1605 3183 1931 3238 anqustanam
1947 3174 2291 3239 confessionem
2310 3191 2426 3239 pro·

1396 3258 1547 3323 fessos
1573 3267 1898 3306 controversas
1916 3257 2198 3305 consultatio
2218 3294 2230 3318 ‚
2272 3255 2422 3323 16973

1403 3343 1506 3390 vid.
1527 3341 1589 3388 H
1588 3344 1668 3389 ist.
1685 3339 1847 3388 eccleS.
1873 3341 1931 3387 D.
1953 3340 2135 3403 Hortig,
2156 3342 2426 3388 continuata

1402 3443 1428 3473 a
1460 3425 1599 3472 Joan.
1633 3423 1728 3471 Jos.
1762 3423 1910 3487 Ignat.
1947 3423 2212 3488 Doellinger
2234 3460 2247 3483 ‚
2288 3438 2422 3469 sacrae

1402 3505 1643 3570 theologias
1677 3506 1795 3571 prof.
1828 3509 1878 3555 in
1917 3508 2213 3556 universitate
2258 3503 2421 3552 Mona-

1404 3590 1602 3639 chiensi.
