2554 4140
330 37 451 97 238
968 57 1036 92 na
1081 55 1231 95 vissa
1274 55 1394 92 ast.
1446 57 1579 97 Anv.
1628 58 1830 98 aaran.

331 223 409 262 ne
442 200 639 279 religio
675 217 746 257 ex
781 198 1010 277 integro
1047 198 1297 279 periret,
1337 200 1489 257 Deus
1533 200 1598 257 in
1634 199 1967 261 Abrabamo
2002 207 2240 287 ejusque
2264 220 2461 290 poste-

331 298 410 356 ris
449 292 804 376 peculiarem
842 291 954 351 sibi
989 292 1275 374 populum
1315 293 1529 374 delegit
1578 291 1743 356 velut
1777 296 2081 379 publicum
2125 316 2276 361 verae
2319 306 2462 365 reli—

330 390 513 472 gionis
550 411 616 449 ac
653 388 791 449 fidei
835 388 1256 471 depositarium
1278 435 1293 465 7
1344 390 1503 472 apud
1540 411 1717 473 quem
1757 412 1897 453 vera
1940 394 2189 455 Ecclesia
2231 395 2333 457 seu
2369 423 2465 461 re-

328 485 465 568 ligio
515 485 835 546 subsistere
887 485 1198 546 incolumis
1253 498 1560 568 pergeretg
1622 487 1696 546 ad
1753 488 1906 548 hanc
1945 502 2197 565 ‘autem7
2258 495 2469 575 spiritu

326 581 569 655 saltem7
612 582 992 664 pertinebant
1037 582 1391 664 quicumque
1433 583 1590 643 inter
1630 596 1832 663 gentes
1873 603 2077 646 veram
2118 587 2466 669 religionem

329 700 402 739 ex
432 678 674 760 antiqua
713 688 774 738 et
809 678 1127 738 domestica
1160 677 1477 738 traditione
1511 680 1961 760 profitebantur.
1997 681 2170 759 Quod
2211 680 2470 768 sialiqui

329 776 508 835 etiam
535 776 694 835 inter
724 773 958 835 Judaeos
996 797 1029 834 a
1063 774 1328 836 veritatis
1348 776 1589 836 tramite
1623 775 2001 836 deflexissent
2031 825 2047 854 7
2085 789 2145 838 et
2177 779 2472 841 adversati

327 882 523 932 essent
562 871 849 953 expressis
879 869 1015 929 fidei
1053 868 1350 944 articulis7
1390 886 1537 949 quos
1572 889 1710 931 vera
1753 872 2000 933 Ecclesia
2037 875 2467 956 profitebatur.

328 968 439 1028 hoc
463 968 592 1050 ipso
612 965 934 1048 culpabiles
953 975 1125 1023 erant
1146 1010 1162 1038 7
1191 975 1252 1023 et
1275 1009 1291 1038 7
1322 964 1534 1045 spiritu
1556 964 1766 1026 saltem
1793 1013 1809 1043 7
1843 969 2149 1030 cessabant
2174 961 2495 1053 pertinere*

330 1065 405 1125 ad
429 1065 582 1124 hanc
611 1081 817 1125 veram
848 1061 1162 1121 Ecclesiam
1181 1106 1198 1135 7
1239 1061 1594 1143 quandoque
1633 1064 1812 1123 etiam
1839 1066 2071 1149 abipso
2103 1089 2347 1150 corpore
2379 1092 2473 1129 ex-

327 1159 710 1246 pellebantur
747 1159 858 1238 (1).
907 1158 1060 1218 Hinc
1101 1177 1240 1217 vera
1285 1157 1488 1238 religio
1535 1176 1643 1218 seu
1682 1151 1933 1220 Ecclesia
1972 1180 2091 1221 una
2131 1185 2366 1246 semper
2404 1187 2471 1225 ac

330 1255 584 1318 indivisa
623 1253 1078 1315 immutabiliter
1108 1255 1333 1314 exstitit
1355 1300 1370 1330 7
1413 1277 1535 1314 non
1563 1254 1932 1314 obstantibus
1960 1257 2075 1316 illis
2098 1261 2469 1339 particulari-

325 1353 436 1413 bus
477 1351 900 1413 defectionibus
923 1395 938 1426 7
985 1371 1117 1433 quae
1141 1350 1438 1410 nocebant
1476 1350 1717 1433 quidem
1744 1352 1835 1412 his
1870 1350 2243 1436 culpabiliter
2265 1377 2471 1417 erran·-

324 1448 518 1524 tibus7
552 1469 675 1507 non
702 1459 903 1507 autem
927 1446 1065 1507 fidei
1092 1458 1151 1507 et
1179 1446 1440 1514 Ecclesiae
1466 1447 1790 1527 integritati
1826 1459 1885 1508 et
1911 1450 2156 1528 unitati,
2188 1452 2282 1510 cui
2317 1454 2470 1512 Deus

326 1566 561 1629 semper
595 1544 940 1628 prospexit7
982 1566 1279 1626 quamque
1315 1544 1675 1606 incolumem
1712 1545 1788 1605 ad
1818 1545 2117 1607 Christum
2140 1567 2328 1654 usque
2364 1570 2471 1631 pe-

329 1643 530 1702 culiaii
563 1664 665 1700 sua
710 1641 1085 1723 providentia
1113 1642 1394 1701 servavit.

410 1739 511 1797 77.
556 1735 690 1816 Obj.
728 1735 988 1797 secundo
1025 1756 1161 1796 cum
1206 1735 1653 1796 Bretschneider
1683 1738 1774 1818 (2)
1817 1761 1831 1797 ε
1885 1739 1945 1796 10
1991 1740 2421 1800 Uniformitas
2406 1765 2469 1801 in

326 1833 502 1893 modo
528 1832 896 1916 concipiendi
930 1833 1208 1893 veritates
1242 1832 1376 1892 fidei
1417 1845 1507 1892 est
1541 1855 1779 1917 prorsus
1818 1835 2214 1918 impossibilis,
2251 1838 2321 1896 2⁰
2354 1840 2468 1899 Va-

325 1929 602 1990 riationes
622 1931 913 1989 continuae
935 1928 1045 1989 hac
1059 1930 1125 1988 in
1147 1940 1317 2011 parte
1333 1950 1406 1989 ex
1430 1929 1672 1989 historia
1694 1929 2013 1991 bibliorum
2029 1955 2094 1992 ac
2119 1932 2466 2014 dogmatum

332 2027 773 2111 particularium
793 2025 1102 2108 patefiunt.
1124 2025 1190 2084 30
1208 2026 1436 2101 Unitas7
1457 2047 1571 2107 qua
1587 2025 1869 2087 catholica
1889 2028 2136 2088 Ecclesia
2162 2023 2465 2109 gloriatur7

329 2123 631 2184 reducitur
671 2123 915 2182 demum
945 2123 1022 2182 ad
1049 2122 1342 2181 unitatem
1371 2121 1691 2182 verborum
1711 2169 1727 2197 7
1761 2138 1892 2206 quae
1927 2126 2148 2207 pariter
2183 2127 2380 2186 existit
2404 2127 2467 2186 in

328 2218 467 2279 fidei
502 2219 962 2302 professionibus
990 2218 1253 2278 Ecclesiae
1283 2218 1652 2298 evangelicae7
1676 2219 1743 2278 40
1762 2221 1867 2280 sed
1894 2220 2144 2282 verbum
2175 2232 2264 2281 est
2290 2244 2465 2281 sonus

326 2336 581 2390 vacuus7
630 2336 821 2396 neque
861 2314 1165 2373 constituit
1203 2314 1494 2373 unitatem
1538 2314 2033 2390 intellectualem3
2081 2317 2147 2375 50
2184 2319 2263 2376 sic
2300 2318 2464 2377 nulla

323 2413 481 2471 inter
523 2432 631 2470 nos
668 2431 873 2471 omnes
911 2422 999 2470 est
1040 2409 1432 2491 discrepantia
1469 2410 1530 2468 in
1572 2411 2034 2492 pronunciandis
2067 2410 2158 2471 his
2203 2412 2396 2472 verbis
2441 2437 2454 2471 ε

331 2507 517 2567 Credo
545 2511 616 2567 in
647 2509 847 2567 Deum
862 2552 885 2579 ,
929 2490 1191 2566 attamen
1235 2528 1366 2589 quae
1402 2529 1524 2565 non
1563 2509 1762 2567 existit
1794 2508 2103 2570 diversitas
2141 2511 2206 2568 in
2246 2511 2460 2569 nostris

393 2836 465 2898 (l)
502 2835 537 2883 F
542 2836 632 2885 lav.
662 2835 893 2903 Josephus
926 2837 1042 2887 ibid.
1071 2838 1209 2886 refert
1231 2834 1350 2886 Sad-
1438 2841 1566 2887 &eo-n
1583 2878 1595 2900 7
1624 2839 1670 2887 id
1700 2850 1764 2888 est
1785 2878 1798 2901 7
1825 2837 1955 2888 Nam
1977 2877 1992 2905 7
2012 2838 2265 2905 siquando
2282 2844 2462 2906 ’παρίε-

322 2920 508 2967 ducaeos
529 2931 710 2969 coactos
731 2921 893 2981 fuisse,
913 2938 1023 2969 eum
1049 2921 1254 2987 aliquam
1272 2940 1352 2986 pu-
1435 2927 1592 2967 iratus
1646 2929 1822 2985 qerunt
1851 2959 1863 2981 ‚
1910 2921 2059 2969 inviti
2094 2931 2139 2969 et
2184 2924 2461 2971 necessitate

319 3001 491 3050 blicam
532 3003 982 3052 administrationem
1032 3006 1315 3068 susciperent
1335 3040 1348 3063 ‚
1433 3006 1617 3063 coacti,
1648 3003 2019 3051 Pharisoeorum
2046 3006 2269 3070 opinioni
2294 3022 2458 3053 assen-

322 3101 369 3133 se
401 3085 691 3133 conformare
737 3085 1071 3134 Pharisaeorum
1120 3086 1298 3150 placitis
1330 3123 1344 3142 ‚
1434 3086 1657 3144 fiuntur,
1692 3085 1817 3149 quod
1846 3103 1921 3134 ecs
1950 3086 2170 3151 alioquin
2191 3104 2290 3135 non
2310 3088 2462 3152 ferret

320 3165 530 3231 alioquin
550 3168 676 3230 ipsos
695 3167 895 3231 populus
923 3170 1117 3216 minime
1136 3168 1313 3216 tulisset
1334 3189 1350 3229 7·
1426 3166 1660 3233 populus.

320 3248 387 3295 sic
416 3249 543 3295 enim
575 3246 632 3295 de
661 3246 930 3296 Sadducaeis
960 3250 1123 3297 scribit
1149 3250 1164 3312 (
1191 3247 1217 3314 ἓ
1250 3246 1345 3312 4);
1506 3249 1572 3313 (⁶3)
1612 3248 1670 3296 In
1700 3266 1779 3313 op.
1814 3251 1890 3297 cui
1910 3250 2108 3299 titulus:
2143 3250 2394 3299 Henricus
2412 3258 2457 3297 et

317 3326 479 3378 Ὀπέτε
513 3324 602 3394 γοέρ
631 3326 862 3395 ε’τάἱρχοὲς
882 3328 1152 3396 παρέλθοιεν
1172 3369 1185 3391 ,
1212 3332 1348 3380 ninov-
1431 3330 1712 3391 Antonius,
1747 3348 1830 3378 seu
1860 3331 1917 3379 de
1942 3332 2199 3398 proselytis
2219 3330 2450 3380 Ecclesiae

319 3416 422 3466 σι’ως
442 3409 523 3476 μὲν
548 3408 626 3461 καὶ
651 3412 751 3460 κατ’
776 3410 983 3472 ἀνάγκαις
1002 3452 1014 3475 7
1040 3419 1345 3481 προσχωροῦσι
1430 3427 1644 3461 romana?
1679 3421 1723 3459 et
1766 3412 1817 3459 Ε
1819 3413 2001 3462 cclesioe
2029 3413 2314 3479 evanqelicoe
2336 3429 2349 3475 3
2376 3416 2452 3461 cui

319 3493 377 3543 05⁸5
419 3493 483 3545 οἷν
534 3491 594 3548 οἷς
643 3497 663 3544 ὃ
696 3495 935 3561 Φαρισαῖος
979 3495 1139 3559 λέγει,
1173 3494 1253 3545 διαὶ
1292 3492 1347 3546 ‘rox
1429 3494 1669 3560 respondit
1704 3494 1764 3543 D.
1803 3496 2115 3558 Handschuh',
2160 3498 2209 3543 iu
2239 3495 2449 3563 ejusdem

315 3575 383 3639 μ»)
415 3575 569 3632 ἄλλως
608 3576 815 3647 §remotis
847 3575 1057 3639 γίνεό-τοιι
1092 3580 1183 3632 τοῖς
1222 3577 1344 3634 πλέ-
1429 3580 1577 3645 operis
1608 3579 1991 3642 continuatione,
2014 3575 2205 3630 Viennae
2229 3574 2377 3627 1828.
