2554 4140
347 140 464 200 318
996 165 1063 200 nn
1108 163 1259 203 VERA
1299 164 1421 203 nnn.
1462 166 1594 205 ΜΠ.
1643 168 1842 206 amna.

424 306 566 365 244.
618 305 719 364 Ast
740 304 987 386 perculsi
1011 305 1271 386 gloriosis
1286 307 1719 369 catholicorum
1735 311 2092 371 successibus
2111 358 2128 388 ‚
2151 314 2391 376 demum
2416 327 2475 377 et

346 402 460 484 ipsi
486 402 885 460 protestantes
915 414 1224 484 coeperunt
1249 405 1398 464 serio
1428 403 1499 464 de
1518 405 1888 465 missionibus
1914 407 2069 488 apud
2090 408 2353 471 infideles
2387 434 2478 471 co-

342 496 525 577 gitare
549 495 658 555 sub
679 497 861 555 finem
887 497 1081 558 saeculi
1103 500 1263 559 XVII
1283 501 1391 581 (1).
1415 501 1582 560 Anno
1617 501 1772 561 1647
1791 506 1916 580 jam
1949 514 2149 563 exorta
2180 516 2304 563 erat
2325 527 2478 588 quae·

345 591 485 650 dam
516 593 759 652 societas
787 595 848 651 in
876 594 1078 674 Anglia
1102 595 1177 654 ad
1205 595 1362 655 hunc
1383 597 1586 673 finem7
1614 618 1742 679 quae
1763 620 1794 657 a
1824 609 2032 657 senatu
2057 599 2478 681 (parlamento)

344 686 671 770 approbata
708 700 830 766 est,
872 700 1075 750 tamen
1111 693 1349 751 nonnisi
1390 693 1612 752 tardius
1653 693 1876 776 aliquid
1921 695 2179 775 profecit.
2228 696 2507 756 Frideri-·

343 805 443 844 cus
478 785 551 844 IV
586 785 786 846 Daniae
818 807 921 846 rex
961 788 1299 847 missionem
1332 788 1587 849 instituit
1615 812 1771 849 anno
1807 791 1962 851 1706
1987 813 2094 874 pro
2117 814 2218 852 sua
2254 792 2481 854 colonia

344 880 726 961 Tranguebar
793 883 856 940 in
916 884 1118 942 Indiis·
1154 881 1536 944 orientalibus
1566 911 1582 959 ς
1643 887 1705 944 in
1761 887 2157 947 Groenlandia
2218 910 2354 949 vero
2409 887 2483 948 ab

343 999 503 1037 anno
557 978 713 1038 1708
754 979 1131 1058 Evangelium
1170 979 1513 1060 praedicavit
1559 984 1918 1042 venerahilis
1955 986 2224 1043 Joaomes
2265 985 2481 1066 Eyede.

343 1073 745 1157 Anabaptistae
782 1074 1137 1133 inchoarunt
1159 1075 1466 1134 missiones
1503 1097 1634 1135 suas
1663 1080 2042 1139 annol792.
2092 1079 2294 1159 Anglia
2330 1101 2482 1162 prae-

343 1171 546 1231 sertim
581 1169 691 1228 sub
728 1168 901 1248 hujus
936 1169 1130 1229 saeculi
1167 1171 1303 1228 XIX
1331 1171 1564 1228 initium
1604 1172 1861 1231 maxime
1890 1175 2069 1256 coepit
2099 1197 2273 1234 suum
2317 1197 2490 1235 exer*-

342 1287 472 1326 cere
516 1265 711 1324 zelum
756 1287 829 1325 ex
872 1266 1174 1325 occasione
1205 1266 1555 1326 missionum
1600 1266 2118 1349 Anabaptistarum
2161 1282 2221 1329 et
2265 1270 2487 1331 Metho-

341 1359 628 1421 distarum
655 1407 671 1439 ,
727 1362 1047 1445 pluresque
1098 1361 1181 1421 ibi
1224 1362 1514 1442 institutae.
1551 1374 1692 1421 sunt
1734 1364 2035 1423 societates
2080 1365 2376 1444 generales
2425 1379 2483 1426 et

339 1457 720 1539 particulares
757 1458 833 1517 ad
858 1458 1266 1541 propagandas
1288 1459 1591 1518 missiones
1621 1484 1637 1532 ς
1665 1458 1738 1517 ab
1777 1481 1942 1520 anno
1974 1460 2127 1520 1807
2165 1459 2475 1520 insudatur

338 1554 757 1615 ‘convertendis
801 1556 979 1635 nigris
1013 1556 1076 1614 in
1121 1556 1546 1615 Sierra-Leone
1579 1556 1802 1629 africae3
1847 1557 2100 1616 Societas
2142 1558 2476 1616 Britannica

339 1662 680 1734 nuncupata
706 1662 766 1711 et
795 1664 1072 1712 extranea
1096 1650 1417 1711 bibliorum
1447 1653 1965 1734 propagandorum
1988 1663 2176 1713 erecta
2215 1666 2303 1713 est
2331 1653 2487 1714 Lon-

341 1747 472 1808 dini
498 1769 656 1806 anno
687 1746 845 1807 1804
864 1793 880 1823 ,
913 1746 1126 1829 quibus
1157 1747 1280 1808 aliae
1306 1748 1613 1807 auxiliares
1642 1748 1887 1827 adJectae
1914 1761 2073 1808 sunt.

423 1845 528 1903 His
553 1866 727 1926 porro
746 1843 1016 1904 delibatis
1045 1845 1191 1904 circa
1209 1845 1495 1924 originem
1514 1855 1573 1903 et
1598 1867 1966 1925 progressum
1985 1846 2331 1905 missionum
2356 1850 2488 1906 Pro-

344 1943 691 2001 testantium
712 1987 728 2009 .‚
750 1941 1154 2024 expendamus
1180 1940 1442 2000 breviter
1458 1940 1650 2000 media
1668 1986 1684 2015 ‚
1708 1941 1918 2022 quibus
1930 1941 2005 2000 ad
2025 1943 2202 2003 finem
2218 1941 2487 2003 obtinen-

340 2037 485 2098 dum
509 2038 793 2117 ejusmodi
826 2038 1127 2097 societates
1153 2059 1271 2097 usae
1301 2049 1446 2097 sunt
1473 2084 1489 2114 a
1514 2036 1730 2097 deinde
1764 2059 2094 2097 successum
2117 2051 2176 2099 et
2199 2039 2478 2098 fructum.

424 2135 566 2194 245.
597 2138 732 2195 Jam
761 2157 902 2197 vero
926 2135 975 2194 si
1003 2145 1332 2217 spectemus
1355 2156 1687 2193 numerum
1714 2135 2214 2195 missionariorum
2255 2147 2488 2218 protes-

344 2233 600 2291 tantium
620 2277 636 2308 7
668 2242 897 2291 constat
921 2230 995 2290 ab
1029 2253 1187 2290 anno
1217 2231 1374 2290 1824
1399 2232 1735 2291 societatem
1754 2231 2013 2290 Ecclesiae
2036 2232 2349 2312 anglicanae
2370 2231 2488 2291 419

347 2328 744 2387 missionarios
779 2339 1197 2411 permanentes
1227 2326 1500 2386 habuisse
1530 2327 1641 2406 (2).
1685 2326 1902 2386 Eodem
1926 2349 2083 2386 anno
2116 2327 2484 2387 Methodistae

350 2423 750 2484 numerabant
774 2423 892 2483 623
913 2423 1022 2503 (3).
1054 2425 1160 2483 Hae
1188 2423 1325 2483 duae
1353 2422 1603 2504 proinde
1627 2423 1931 2499 societates
1948 2428 2076 2501 jam
2102 2433 2243 2483 tunc
2271 2444 2488 2504 suppe-

345 2520 611 2579 ditarant
670 2519 830 2579 1042
885 2520 1200 2600 operarios,
1243 2521 1414 2578 Nunc
1464 2519 1881 2601 supputatione
1912 2519 2180 2577 instituta
2216 2519 2290 2577 ad
2332 2530 2489 2579 cete·

346 2637 439 2675 ras
478 2616 781 2676 societates
806 2661 823 2690 ,
872 2637 1017 2698 quas
1053 2636 1191 2675 mox
1229 2614 1697 2690 recensebimus,
1738 2616 1800 2673 in
1841 2612 1960 2673 sola
1994 2614 2198 2694 Anglia
2231 2613 2486 2674 habere—

346 2734 476 2773 mus
522 2711 685 2772 3442
728 2711 1087 2786 emissariosz,
1139 2732 1212 2772 ex
1247 2712 1513 2771 America
1554 2711 1895 2784 societateS‚
1952 2732 2081 2793 quae
2133 2710 2254 2770 illic
2302 2722 2443 2770 sunt
2468 2756 2483 2784 a

415 2936 478 3000 (l)
515 2934 624 2984 Dixi
659 2934 854 2984 demam
882 2971 896 2993 ‚
940 2952 1052 2983 nam
1092 2943 1259 2983 notum
1306 2943 1374 2982 est
1459 2950 1606 2999 raquo
1623 2932 1923 2992 documenta,
1945 2947 2055 2998 quae
2075 2931 2152 2980 hic
2173 2941 2489 2990 recensentur,

350 3020 619 3068 missionem
649 3035 774 3068 anno
810 3014 940 3068 ¹536
971 3037 996 3067 a
1027 3017 1377 3067 Genevensihus
1460 3017 1806 3083 desumpsimus
1829 3054 1841 3073 ‚
1875 3026 1918 3064 et
1950 3031 2054 3082 quae
2083 3017 2258 3064 interea
2296 3015 2488 3080 proferi-

361 3110 582 3150 tentatam
613 3118 711 3150 non
739 3101 882 3150 fuisse
908 3102 999 3148 nisi
1026 3100 1307 3149 abortivam.
1461 3118 1567 3149 mus
1590 3136 1604 3158 ‚
1630 3109 1681 3158 ut
1708 3098 1895 3146 videant
1922 3097 2228 3145 protestantes
2249 3134 2262 3156 ‚
2296 3099 2346 3145 in
2364 3114 2483 3164 quo·

422 3183 486 3243 (2)
524 3182 632 3231 Vid.
655 3180 893 3232 eruditam
915 3183 1282 3231 dissertationem
1300 3181 1376 3230 Cl.
1462 3201 1566 3232 rum
1600 3199 1767 3231 manus
1790 3181 1886 3228 haec
1916 3182 2171 3229 dissertatio
2198 3198 2292 3228 non
2323 3183 2485 3238 venit,

349 3262 415 3314 D.
431 3263 538 3314 Nic.
559 3264 806 3315 Wiseman
823 3303 837 3327 ‚
870 3267 1060 3316 rectoris
1077 3260 1259 3330 collegii
1284 3264 1384 3313 An·
1469 3264 1641 3333 quibus
1677 3262 1995 3313 fundamentis
2042 3280 2093 3311 ea
2113 3300 2126 3322 ,
2167 3279 2268 3328 quae
2294 3262 2372 3311 hic
2400 3274 2490 3310 tra-

347 3348 534 3414 glorum
553 3350 604 3397 in
625 3348 749 3397 alma
775 3349 867 3398 hac
895 3349 1021 3399 Urbe
1039 3385 1058 3412 ‚
1079 3357 1125 3399 et
1150 3349 1271 3414 profi
1290 3349 1383 3396 lin·
1468 3349 1645 3398 duntur
1665 3385 1679 3408 ‚
1714 3348 1942 3395 nitantur.

347 3449 547 3498 guarum
576 3430 875 3481 orientalium
914 3435 965 3481 in
994 3431 1377 3498 Archigymnasio
1538 3430 1605 3496 (3)
1649 3427 1910 3496 Quaterley
1929 3429 2315 3495 Reviewjourne
2340 3421 2485 3482 1825,

353 3514 599 3575 Romano,
629 3532 773 3582 quam
797 3517 900 3579 prin
916 3534 937 3563 s
965 3518 1171 3565 recitavit
1192 3517 1241 3563 in
1261 3514 1378 3563 Aca·
1467 3533 1515 3580 p.
1557 3529 1642 3579 29,
1665 3522 1709 3560 et
1735 3510 1991 3560 Christian
2021 3512 2225 3576 reqister
2247 3546 2261 3570 ,
2310 3511 2359 3556 in
2392 3523 2485 3572 quo

348 3597 505 3647 demia
542 3596 778 3663 religionis
808 3598 1048 3647 catholicae
1069 3636 1083 3660 ‚
1112 3607 1271 3664 postea
1303 3608 1378 3664 ty·
1461 3596 1611 3646 solum
1636 3603 1971 3643 enumerantur
2003 3607 2119 3640 210.

349 3681 420 3743 pis
449 3680 648 3746 vulgavit
679 3679 838 3731 Romae
875 3675 995 3730 1831
1029 3697 1044 3745 3
1076 3697 1128 3730 ex
1157 3698 1249 3748 qua
1275 3679 1376 3744 ple-
