2554 4140
318 135 393 192 86
970 151 1037 187 ΒΕ
1082 150 1232 189 vana
1277 150 1399 189 Rei.
1451 151 1581 189 Anv.
1634 150 1788 189 mea.

314 298 612 381 praedictio
636 293 961 353 nativitatis
986 295 1139 354 Isaac
1160 293 1272 375 (ib.
1297 296 1505 370 XVIII7
1539 293 1668 374 10)7
1692 305 1753 354 et
1770 293 2014 377 quidem
2032 296 2189 357 intra
2217 320 2444 360 annum

315 406 516 453 contra
542 411 784 449 omnem
814 392 1282 474 expectationem
1306 437 1321 467 7
1348 391 1422 451 de
1452 390 1862 451 benedictione
1890 392 2158 452 omnium
2181 397 2447 475 gentium

306 491 377 547 in
420 487 642 547 semine
677 485 970 547 Abraham
996 487 1188 568 (ibid.)
1201 531 1224 561 ,
1257 500 1324 547 ut
1349 488 1689 548 innumeras
1718 487 1857 547 alias
1886 510 1958 549 ex
1981 491 2047 549 V.
2072 490 2139 550 T.
2176 493 2448 553 omittam

313 584 495 643 claras
516 630 531 659 7
557 583 827 644 definitas
847 630 863 660 7
892 584 1217 663 cujusmodi
1238 596 1375 644 sunt
1394 606 1477 645 eae
1501 606 1707 644 omnes
1723 631 1739 660 7
1768 577 1912 667 quas
1926 585 2125 645 ‘edidit
2146 588 2370 669 Moyses
2384 590 2448 648 in

311 691 628 763 conspectu
660 680 976 740 Pharaonis
1010 682 1158 740 circa
1183 682 1407 740 futuras
1433 683 1663 764 AEgypti
1687 681 1885 764 plagas
1908 703 2229 765 earumque
2259 705 2450 744 cessa-

310 775 535 835 tionem
576 777 602 857 (
633 776 816 836 Exod.
861 778 991 835 VIII
1012 821 1028 850 7
1079 778 1159 834 IX
1179 822 1195 852 7
1248 778 1336 851 X7
1381 778 1489 835 XII
1520 779 1583 857 )7
1633 798 1705 837 ex
1755 779 1828 838 N.
1886 779 1951 836 T.
1999 789 2198 839 autem
2242 801 2448 840 omnes

312 871 715 953 praedictiones
732 871 946 931 Christi
963 893 1099 930 cum
1121 870 1397 931 omnibus
1422 872 1538 931 suis
1553 872 1842 952 adjunctis
1868 874 2015 932 circa
2031 875 2451 958 ipsiusvpassio-

311 988 452 1027 nem
467 967 706 1047 (Matth.
729 969 881 1043 XVI7
897 962 1006 1042 213
1022 970 1197 1028 Marc.
1220 969 1318 1042 IX7
1339 967 1442 1042 313
1462 969 1599 1027 Luc.
1625 970 1725 1043 IX7
1741 968 1820 1028 44
1836 980 1896 1029 et
1911 972 2113 1047 XXIV,
2127 972 2191 1051 7)
2210 977 2452 1055 ejusque

311 1076 445 1146 post
458 1076 576 1125 tres
594 1065 718 1126 dies
743 1066 1233 1125 resurrectionem
1252 1063 1477 1144 (ibid.)7
1495 1065 1644 1124 circa
1666 1066 1884 1125 trinam
1897 1067 2052 1126 Petri
2074 1069 2451 1148 negationem

311 1160 410 1220 illa
438 1162 563 1244 ipsa
593 1172 765 1222 nocte
793 1172 931 1220 ante
953 1160 1090 1242 galli
1127 1171 1369 1220 cantum
1400 1160 1423 1239 (
1440 1159 1649 1219 Matth.
1679 1161 1899 1235 XXVI,
1933 1161 2012 1220 34
2037 1186 2054 1236 3
2082 1164 2257 1223 Marc.
2282 1165 2411 1223 XIV
2431 1210 2447 1240 7

311 1257 429 1331 277
461 1259 632 1317 Joan.
655 1258 819 1333 XVI7
855 1257 978 1338 32).
1015 1256 1402 1339 Impudenter
1426 1256 1604 1336 igitur
1632 1256 2004 1315 mentiuntur
2035 1258 2414 1319 rationalistae
2433 1304 2450 1335 7

315 1354 459 1412 dum
499 1354 638 1414 talia
670 1354 946 1415 effitiunt.
989 1353 1079 1414 Ad
1109 1352 1282 1414 Prob.
1331 1356 1641 1434 ipsiusque
1678 1354 1730 1413 J
1731 1353 1856 1413 .-C.
1885 1359 2303 1435 proesaqium,
2340 1365 2452 1415 etc.

309 1472 440 1531 neq.
483 1451 932 1532 Apertissimum
976 1450 1268 1532 siquidem
1308 1461 1395 1510 est
1440 1448 1589 1508 illud
1632 1471 1755 1507 non
1789 1455 2170 1529 proesaqium
2207 1450 2312 1511 sed
2353 1474 2458 1513 va-

311 1547 578 1606 ticinium
628 1546 701 1606 de
741 1549 1008 1630 proxima
1052 1546 1263 1629 templi
1312 1568 1376 1607 ac
1421 1545 1793 1627 Solymorum
1831 1547 2135 1611 eversione
2159 1592 2175 1621 7
2215 1548 2263 1606 si
2300 1570 2457 1629 prae—

308 1644 510 1703 sertim
545 1644 878 1704 conferatur
903 1643 1062 1703 locus
1093 1642 1408 1726 parallelus
1432 1644 1570 1703 Luc.
1603 1645 1738 1702 XXI
1761 1689 1777 1717 7
1810 1643 1846 1701 9
1873 1654 1933 1703 et
1977 1664 2142 1725 seqq.
2185 1654 2245 1703 et
2271 1645 2450 1705 Marc.

311 1741 448 1798 XIII
468 1785 484 1814 7
509 1740 552 1797 2
573 1785 587 1815 7
612 1761 747 1799 cum
774 1739 1048 1799 omnibus
1077 1740 1193 1798 suis
1217 1738 1512 1819 adjunctis
1537 1739 1820 1821 temporis
1840 1784 1856 1814 7
1889 1760 2276 1820 personarum
2292 1784 2308 1814 7
2336 1749 2447 1799 etc.

313 1836 538 1895 Sufficit
557 1881 572 1911 7
601 1848 670 1895 ut
696 1837 825 1919 quis
851 1838 1062 1897 certior
1087 1838 1191 1895 fiat
1213 1836 1286 1896 de
1313 1836 1565 1916 gratuita
1591 1835 2065 1897 adversariorum
2097 1836 2451 1912 assertione7

307 1931 499 2012 legere
534 1933 708 1992 citata
744 1933 869 1993 loca
906 1954 1090 2016 eaque
1123 1954 1260 1992 cum
1289 1932 1531 1992 historia
1562 1934 1596 1991 J
1602 1953 1681 1991 οε.
1713 1931 1897 1994 Flavii
1927 1930 2002 1991 de
2037 1930 2197 1992 Bello
2215 1930 2453 2010 judaico

309 2049 648 2109 comparare
678 2029 795 2110 (l).

386 2123 528 2182 214.
576 2123 665 2183 Ad
688 2125 807 2200 ΖΦ,
850 2124 1069 2184 Trans,
1102 2125 1248 2197 Quia
1277 2123 1565 2201 ejusmodi
1593 2122 1745 2181 dona
1764 2167 1782 2196 7
1809 2144 1938 2204 quae
1964 2145 1998 2182 a
2028 2123 2313 2203 theologis
2352 2123 2450 2182 di-

310 2230 523 2278 cuntur
550 2220 726 2298 gratis
765 2220 941 2295 data7
992 2219 1212 2301 absque
1252 2220 1559 2278 sanctitate
1601 2219 1921 2279 consistere
1962 2230 2249 2301 possunt7
2293 2230 2352 2279 et
2387 2219 2451 2278 in

308 2315 593 2395 ejusmodi
617 2336 750 2375 casu
782 2316 931 2375 nihil
955 2316 1221 2376 efficaciae
1251 2336 1367 2374 suae
1396 2315 1746 2374 amitterent
1768 2336 1910 2377 vera
1946 2315 2241 2375 vaticinia.
2284 2316 2449 2398 Saepe

311 2411 565 2471 diximus
603 2413 874 2472 vaticinia
907 2435 1074 2471 suam
1099 2412 1515 2495 probationem
1552 2432 1750 2470 secum
1778 2411 1930 2471 ferre
1957 2409 2066 2491 (2).

389 2508 511 2586 215
556 2507 645 2567 Ad
670 2508 752 2567 3¹¹¹
776 2554 792 2584 7
825 2508 921 2570 vel
944 2532 1075 2590 neq.
1100 2509 1198 2570 vel
1224 2510 1364 2567 dist.
1393 2508 1451 2566 Si
1473 2507 1869 2566 conditionata
1911 2508 2061 2584 sint,
2113 2507 2448 2568 conditione

307 2626 428 2663 non
456 2605 643 2686 posita
667 2650 684 2680 7
710 2616 778 2663 ut
802 2626 953 2688 saepe
982 2605 1201 2665 factum
1227 2616 1315 2664 est
1334 2650 1351 2678 7
1380 2626 1573 2670 conc.;
1602 2604 1649 2662 si
1675 2602 1940 2663 absoluta
1971 2605 2229 2663 subdist.
2259 2604 2447 2684 posita

306 2700 609 2760 arbitraria
658 2701 1094 2784 interpretandi
1142 2700 1424 2762 methodo
1472 2701 1937 2760 protestantium
1968 2746 1985 2776 7
2030 2722 2246 2783 nempe
2280 2703 2447 2779 juxta

373 2989 434 3054 (l)
472 2988 777 3053 Perspicuum
796 2991 914 3040 adeo
932 3002 975 3041 et
992 2992 1242 3041 definitum
1260 3002 1329 3040 est
1410 3009 1600 3039 scutum
1616 2990 1967 3056 Wegscheider.

303 3074 395 3121 hoc
411 3075 679 3122 vaticinium
700 3110 714 3132 7
744 3084 796 3122 ut
821 3074 1068 3123 Christiani
1089 3093 1144 3124 eo
1162 3076 1326 3124 admo-
1482 3076 1547 3139 (2)
1587 3075 1731 3126 Cous.
1762 3075 1813 3124 S.
1839 3075 2011 3124 Thom.
2038 3076 2132 3124 loc.
2158 3077 2233 3125 cit.
2265 3087 2356 3125 art.
2378 3075 2440 3139 4,

302 3158 391 3204 niti
408 3194 421 3215 7
458 3156 701 3205 recedente
731 3159 929 3206 exercitu
966 3156 1284 3206 Romanorum
1311 3194 1324 3217 7
1410 3157 1494 3205 ubi
1515 3158 1737 3219 ostendit,
1755 3175 1886 3223 posse
1905 3176 2002 3207 esse
2028 3159 2321 3224 prophetiam
2346 3161 2444 3207 sine

303 3238 331 3287 J
338 3238 596 3306 erosolyma
625 3239 780 3288 relicta
808 3240 978 3288 Pellam
1003 3243 1053 3289 in
1085 3239 1266 3289 Galilaea
1281 3257 1328 3288 se
1412 3259 1599 3290 morum
1626 3242 1855 3307 probitate
1874 3280 1887 3301 7
1911 3260 2019 3291 cum
2035 3242 2095 3290 ad
2120 3244 2441 3307 proximorum

299 3324 562 3385 receperint
583 3359 597 3382 7
635 3332 687 3370 ut
714 3322 851 3371 refert
890 3322 1115 3371 Eusebius
1134 3361 1147 3383 7
1190 3322 1329 3371 Hist.
1415 3325 1666 3372 utilitatem
1701 3342 1755 3372 ac
1784 3325 1975 3372 salutem
1998 3363 2011 3385 7
2036 3342 2130 3372 non
2164 3336 2318 3372 antem
2339 3340 2441 3388 pro·

302 3403 414 3451 eccl.
434 3403 519 3452 lib.
539 3419 593 3451 111
610 3439 623 3463 ,
650 3422 749 3469 cap.
767 3402 816 3464 5,
842 3423 960 3455 vers.
979 3405 1148 3454 Valesii
1164 3424 1178 3468 3
1197 3409 1331 3470 oppi-
1414 3409 1562 3471 priam
1577 3442 1593 3467 ‚
1613 3410 1672 3470 sit
1694 3425 1719 3455 a
1736 3406 1834 3456 Deo
1849 3408 2022 3457 infusa.
2039 3407 2168 3457 Certe
2179 3406 2439 3456 secundum

301 3485 416 3533 dum
445 3496 598 3535 autem
626 3485 743 3535 illud
767 3499 864 3537 erat
895 3499 1020 3536 trans
1052 3488 1327 3537 Jordanem.
1416 3489 1556 3538 verba
1583 3488 1754 3537 Christi
1790 3489 1987 3551 (Matth.
2021 3507 2089 3541 vn
2107 3528 2121 3550 7
2153 3489 2243 3551 22)
2270 3490 2438 3536 dicturi

299 3567 434 3632 Quod
474 3587 579 3635 ergo
616 3568 799 3618 clarum
845 3582 890 3619 et
940 3570 1186 3621 definitum
1238 3572 1326 3619 fuit
1407 3570 1664 3638 aliquando
1682 3572 1904 3620 nonnulli
1919 3575 2049 3638 impii
2067 3580 2239 3621 erunt:
2262 3569 2438 3619 Nonne

303 3651 521 3700 omnibus
549 3651 818 3702 Christianis
841 3663 970 3703 aetate
996 3654 1075 3703 illa
1096 3692 1109 3716 7
1131 3657 1214 3705 erit
1235 3656 1323 3705 ob·
1407 3656 1460 3703 in
1480 3657 1677 3704 nornine
1702 3664 1782 3705 tuo
1794 3656 2192 3723 prophetavimus
2207 3659 2231 3703 ?
