2554 4140
365 25 486 83 242
968 45 1038 77 ma
1079 41 1231 79 vunai
1276 43 1396 78 nm.
1442 42 1576 80 on.
1628 42 1828 80 iim-nu.

441 187 541 247 82.
594 183 681 244 Ad
711 185 823 255 5¹1¹,
853 184 1012 243 Dist.
1049 185 1183 243 Non
1218 205 1422 243 omnes
1452 185 1731 244 eumdem
1762 198 2111 267 conceptum
2139 189 2358 250 habent
2387 192 2485 251 di-

361 279 619 342 vinitatis
651 278 846 360 quoad
877 279 1219 359 cognitionis
1246 279 1490 360 gradum
1514 325 1529 354 a
1579 291 1645 337 ut
1673 301 1848 362 supra
1881 279 2102 341 dietum
2131 295 2220 343 est
2240 329 2258 358 ‚
2297 308 2488 359 eona,-

362 373 556 459 quoad
581 372 972 434 substantiam
993 420 1009 449 .,
1039 397 1168 456 neq.
1202 377 1423 435 Omnes
1453 376 1610 434 enim
1636 376 1737 457 qui
1759 375 1883 435 haec
1918 375 2094 436 verba
2134 379 2441 462 proferunt
2468 405 2483 441 t

366 473 549 533 Credo
591 475 661 530 in
697 472 928 541 Deum,
962 493 1084 530 non
1120 471 1284 531 aliud
1319 471 1658 551 intelligunt
1691 470 1800 531 sub
1826 472 2083 551 generali
2111 475 2217 533 Dei
2252 466 2487 538 notione

359 569 472 628 nisi
513 589 812 627 summum
851 589 975 628 esse
1025 589 1091 627 ac
1136 568 1656 649 perfectissimum,
1717 569 2228 628 rerumomnium
2270 571 2489 651 princi·

355 665 520 747 pium
541 709 556 739 ,
585 675 696 724 ete.
721 710 737 739 7
764 664 873 724 etsi
903 685 1026 723 non
1046 662 1499 745 apprehendant
1526 663 1589 723 in
1609 664 1799 744 specie
1825 685 2083 723 summas
2111 669 2233 743 ejus
2265 666 2488 747 perfec·

357 760 579 835 tiones,
607 772 912 842 ceteraque
930 760 1126 819 omnia
1148 803 1166 833 ‚
1198 759 1409 840 quaein
1425 760 1544 818 Deo
1559 759 1911 818 considerari
1936 772 2217 842 possunt,
2245 783 2488 845 quaeque

355 857 593 915 nonnisi
617 855 773 915 docti
797 866 858 916 et
876 854 1117 936 quidem
1141 875 1251 935 pro
1280 852 1511 915 diverso
1534 855 1793 915 scientiae
1823 856 2005 935 gradu
2031 869 2442 939 assequuntur.

433 952 535 1012 83.
587 951 676 1011 Ad
709 952 827 1026 6⁰¹,
869 950 1022 1030 Ney.
1073 971 1146 1008 ex
1190 947 1375 1007 dictis.
1417 947 1507 1007 Ad
1542 948 1603 1007 id
1643 971 1781 1010 vero
1828 951 1987 1033 quod
2024 952 2260 1029 subdit,
2311 954 2490 1017 satius

356 1068 482 1108 esse
502 1069 626 1107 non
646 1047 822 1106 aliam
838 1045 1154 1104 admittere
1177 1043 1586 1102 auctoritatem
1610 1066 1788 1125 quam
1807 1049 2049 1107 rationis
2071 1093 2086 1122 ,
2123 1048 2452 1130 respondeo
2468 1093 2487 1125 ,

355 1144 640 1202 rationem
670 1142 915 1200 minime
939 1163 1062 1223 prae
1088 1161 1148 1200 se
1178 1140 1328 1200 ferre
1356 1138 1616 1221 aliquam
1645 1141 2054 1201 auctoritatem
2080 1143 2235 1203 iniis
2257 1165 2388 1227 quoe
2413 1143 2489 1203 ad

350 1237 531 1296 fidem
578 1237 919 1319 pertinent„
979 1235 1082 1295 sed
1125 1257 1254 1294 eam
1299 1236 1361 1293 in
1405 1234 1496 1294 his
1539 1257 1662 1294 non
1707 1257 1832 1295 esse
1875 1237 1987 1295 nisi
2029 1237 2485 1321 pedissequam3

351 1333 556 1413 positis
585 1332 799 1392 seilicet
829 1332 965 1391 fidei
997 1331 1369 1412 dogmatibus
1387 1378 1402 1405 ,
1434 1342 1630 1410 potest
1658 1332 1808 1390 ratio
1835 1331 2005 1414 plura
2028 1334 2298 1393 invenire
2319 1335 2395 1394 ad
2425 1358 2492 1396 ea

350 1427 697 1487 illustranda
717 1475 732 1503 7
770 1428 1067 1509 magisque
1097 1426 1566 1509 comprobanda,
1594 1438 1771 1509 atque
1799 1427 1875 1486 ad
1895 1429 2333 1489 ostendendum
2363 1430 2492 1490 nul-

345 1522 463 1582 lam
480 1524 541 1583 in
558 1524 626 1581 iis
649 1524 903 1584 inveniri
918 1523 1371 1606 repugnantiam
1390 1569 1406 1598 ,
1435 1533 1573 1597 ete.;
1602 1522 1706 1582 has
1729 1523 1887 1582 enim
1912 1536 2106 1606 partes
2128 1570 2143 1600 7
2168 1538 2226 1584 et
2250 1526 2491 1608 quidem

351 1619 540 1693 solas7
577 1631 775 1701 potest
804 1618 1025 1679 habere
1055 1622 1203 1679 ratio
1241 1620 1302 1680 in
1348 1617 1524 1679 rebus
1568 1618 1726 1680 fidei.
1774 1621 1858 1679 Ex
1905 1642 2020 1702 quo
2063 1632 2230 1705 patet
2271 1621 2486 1681 falsum

344 1737 466 1776 esse
499 1715 658 1797 quod
691 1716 939 1776 assumit
968 1715 1335 1775 adversarius
1357 1760 1373 1789 ,
1401 1715 1671 1781 homines
1697 1716 2013 1777 rationales
2041 1716 2223 1776 veluti
2259 1717 2487 1778 machi-

346 1834 452 1871 nas
481 1813 747 1894 excipere
789 1810 1006 1871 debere
1051 1812 1326 1871 veritates
1372 1810 1543 1886 fidei7
1589 1811 1780 1893 iisque
1823 1812 2131 1885 assentiri3
2166 1811 2298 1871 talis
2327 1814 2487 1872 enim

346 1929 582 1990 semper
609 1908 720 1967 fuit
747 1908 987 1991 spiritus
1023 1907 1318 1988 religionis
1337 1952 1354 1983 ,
1394 1918 1461 1965 ut
1490 1906 1655 1966 nullo
1682 1907 1859 1968 modo
1893 1907 2179 1968 detrahat
2215 1907 2487 1991 dignitati

347 2004 605 2063 hominis
628 2003 925 2064 rationalis
948 2050 963 2079 a
995 2026 1129 2064 cum
1159 2005 1283 2086 ipsa
1317 2004 1465 2063 ratio
1489 2025 1596 2079 nos
1618 2003 1824 2063 doceat
1849 2026 2079 2064 summa
2107 2005 2487 2065 veneratione

350 2101 691 2184 excipienda
733 2122 856 2160 esse
883 2121 1011 2182 quae
1048 2112 1330 2181 tanquam
1360 2098 1642 2160 divinitus
1672 2099 1930 2159 revelata
1958 2112 2375 2183 proponuntur
2411 2099 2486 2159 ab

345 2197 689 2255 auctoritate
721 2194 1052 2270 infallibili,
1099 2197 1344 2256 nomine
1369 2195 1550 2277 ipsius
1582 2195 1688 2255 Dei
1711 2241 1727 2270 ,
1761 2194 2088 2274 cujusmodi
2122 2194 2338 2256 Christi
2378 2197 2484 2255 Ec-

345 2292 585 2351 clesiam
617 2313 738 2350 esse
772 2291 1157 2352 ostendimus.

430 2387 531 2447 84.
583 2386 671 2446 Ad
697 2387 781 2447 7¹¹¹
802 2433 818 2461 a
861 2390 1017 2448 Dist.
1062 2387 1330 2446 Veritatis
1355 2385 1574 2445 ordinis
1605 2386 1887 2446 naturalis
1906 2432 1922 2462 ‚
1952 2398 2145 2446 tram.
2174 2386 2271 2447 vel
2294 2408 2484 2455 comm

349 2483 570 2543 ordinis
599 2483 1057 2566 supernaturalis
1086 2504 1152 2542 ae
1182 2482 1456 2543 revelatae
1476 2529 1491 2558 ,
1532 2504 1661 2563 neq.

434 2578 534 2638 85.
589 2579 674 2638 Ad
723 2579 842 2654 8¹¹²,
882 2579 1034 2660 Ney.
1075 2579 1445 2661 suppositum
1471 2624 1487 2653 7
1529 2578 1796 2638 homines
1828 2598 2043 2660 nempe
2063 2583 2200 2656 jure
2231 2579 2484 2639 naturali

352 2674 604 2757 gaudere
632 2675 977 2759 inquirendi
1006 2676 1069 2733 in
1105 2675 1380 2735 veritates
1411 2697 1443 2733 a
1478 2674 1940 2748 Deo-revelatas3
1975 2675 2036 2733 in
2068 2674 2159 2734 his
2189 2675 2348 2734 enim
2372 2675 2482 2734 ho-

351 2772 538 2832 mines
577 2793 699 2830 non
736 2770 961 2831 hahent
979 2776 1125 2850 jue,
1159 2771 1263 2832 sed
1301 2771 1566 2830 debitum
1600 2769 1936 2852 captivandi
1972 2771 2276 2855 proprium
2306 2771 2483 2831 intel-

345 3054 465 3105 ωηο
502 3063 616 3096 sono
635 3046 805 3101 d'idee.
849 3047 1027 3114 Questo
1055 3049 1100 3095 si
1129 3048 1325 3114 spieqa,
1348 3063 1378 3095 a
1464 3047 1710 3112 indefinite
1764 3044 1966 3094 secondo
2013 3043 2061 3094 la
2100 3046 2330 3097 diversit&
2368 3045 2484 3095 delle

351 3129 451 3178 mio
474 3128 661 3183 eredere
684 3167 697 3190 ,
733 3128 1020 3180 asservando
1040 3164 1057 3190 ‚
1097 3128 1181 3177 che
1213 3131 1270 3177 in
1298 3146 1376 3193 oq·
1461 3131 1646 3192 menti3
1669 3128 1779 3176 idea
1806 3127 1890 3176 che
1906 3130 2175 3195 ricompare
2204 3146 2386 3195 sempre
2405 3163 2421 3192 ,
2458 3146 2482 3175 e

352 3226 489 3265 nuno
537 3211 593 3264 di
631 3213 786 3275 questi
837 3213 973 3261 nomi
1010 3210 1167 3261 d'idee
1199 3210 1375 3261 morali
1457 3212 1542 3261 che
1576 3227 1711 3277 reqqe
1739 3227 1832 3276 per
1876 3206 1975 3259 cos}
2016 3211 2122 3261 dire
2155 3211 2195 3259 il
2225 3210 2479 3279 complesao

348 3294 366 3357 (
386 3292 520 3360 quod
553 3293 610 3342 de
639 3296 798 3343 ceteris
822 3294 915 3343 dici
947 3294 1085 3347 debet
1105 3294 1120 3357 )
1137 3295 1191 3344 vi
1215 3296 1239 3342 ὸ
1268 3311 1369 3344 una
1454 3294 1604 3343 d’idee
1623 3291 1713 3343 alle
1727 3292 1863 3356 quali
1885 3294 1930 3341 εἰ
1954 3293 2092 3343 vuole
2107 3293 2352 3361 applicare
2372 3290 2483 3357 quel

353 3374 466 3424 idea
485 3375 855 3442 pradominante
874 3375 1275 3442 eqeneraliesima
1290 3378 1373 3429 che
1455 3393 1592 3430 nonne
1620 3375 1636 3438 (
1655 3375 1851 3424 Mon-ale
1870 3376 2030 3437 calcal,
2058 3394 2156 3443 cap.
2195 3392 2278 3440 17,
2293 3393 2339 3441 p.
2361 3370 2479 3426 355,

347 3459 462 3514 meti
497 3461 550 3512 vi
583 3460 918 3522 νίωηοεοοηο,
955 3459 1130 3509 bench&
1156 3459 1369 3527 n'ell’ap-
1455 3459 1565 3509 edit.
1592 3457 1943 3519 rom.).Versio
1965 3459 2108 3509 latina
2135 3459 2260 3513 citati
2294 3457 2384 3506 loci
2407 3474 2479 3505 re-

341 3540 619 3603 plicatione
650 3559 755 3594 essa
786 3541 976 3592 cabima
1006 3543 1373 3607 modificazioni
1455 3542 1629 3606 peritur
1656 3540 1715 3589 ad
1753 3541 1926 3591 calcem
1954 3539 2098 3609 hujus
2131 3540 2403 3593 voluminis.
