2554 4140
2035 105 2150 165 221

579 132 732 169 PROP·
783 133 845 170 11.
894 132 961 168 DE
1003 131 1221 170 ECCLES.
1268 131 1480 168 mlv-411..
1527 128 1711 168 DEPOS.

53 287 208 335 terea
256 276 694 336 universitatem
743 276 1039 349 fidelium,
1095 274 1194 354 qui
1241 275 1487 356 proinde
1533 275 1642 335 hoc
1683 275 1809 356 ipso
1856 273 2153 355 propriam

48 371 383 429 missionem
420 393 452 429 a
481 371 711 431 Christo
746 372 872 452 ipso
910 366 1248 428 immediate
1289 367 1658 443 habuerunt3
1699 368 1766 427 30
1804 362 2168 450 temporaria¹

46 465 153 522 fuit
189 463 285 522 illa
330 466 690 540 oeconomia,
739 463 1026 545 siquidem
1062 459 1279 533 verba,
1326 460 1537 542 quibus
1579 462 1842 522 Christus
1890 463 2152 522 futuram

46 578 208 616 suam
242 558 641 619 adsistentiam
678 556 944 639 promisit
965 598 981 629 ‚
1023 553 1342 634 respiciunt
1379 575 1445 613 ea
1483 566 1749 636 tempora
1782 568 2049 634 tantum,
2089 557 2152 616 in

43 651 251 732 quibus
279 653 562 734 Apostolis
583 661 751 711 erant
777 648 1096 709 necessaria
1119 647 1281 727 signa
1303 658 1361 706 et
1384 648 1644 728 prodigia
1667 649 1743 709 ad
1761 650 2151 711 disseminan-

17 788 19 790 -
48 745 190 804 dum
214 746 587 825 Evangelium
605 790 621 818 ,
647 755 714 802 ut
733 754 898 825 patet
926 764 995 801 ex
1021 743 1196 801 Marci
1218 763 1341 823 cap.
1357 742 1498 815 ult.;
1527 742 1593 800 40
1619 742 1859 803 demum
1882 746 2156 806 revelatio

46 861 276 921 semper
297 862 330 899 a
361 839 600 920 privatis
620 837 965 896 *hominibus
987 847 1045 896 et
1064 837 1379 898 individuis
1410 838 1758 919 proponitur
1779 883 1794 912 ,
1827 839 1945 897 imo
1970 861 2151 921 quan-

46 933 234 1016 doque
260 947 320 994 et
353 956 387 993 a
422 933 614 1006 laicis3
650 955 807 1012 ergo,

122 1029 222 1087 28.
270 1030 441 1108 Resp.
493 1026 641 1107 Neq.
695 1038 884 1085 antec.
938 1026 1023 1085 Ad
1073 1025 1244 1108 prob.
1306 1027 1480 1086 Cone.
1525 1031 1672 1104 maj.
1717 1037 1772 1085 et
1814 1049 1944 1106 neq.
1995 1032 2146 1086 min.

38 1120 146 1179 sub
173 1120 282 1180 hac
313 1121 570 1202 generali
602 1121 1038 1196 observatione,
1082 1120 1240 1203 quod
1266 1122 1526 1204 Apostoli
1561 1143 1660 1181 seu
1702 1120 1947 1181 Ecclesia
1967 1166 1983 1196 ‚
2020 1144 2151 1204 quae

38 1214 370 1275 immediate
397 1238 429 1274 a
460 1215 689 1274 Christo
731 1227 855 1274 tum
899 1215 1318 1283 revelationem
1358 1217 1591 1299 accepit
1616 1227 1747 1276 tum
1780 1218 1968 1299 ipsam
2006 1217 2151 1277 mis-

38 1309 299 1383 sionem,
358 1310 527 1369 aliter
568 1331 800 1392 semper
845 1309 1134 1370 intellexit
1175 1322 1234 1370 et
1276 1311 1338 1370 in
1381 1312 1613 1393 praxim
1665 1312 1886 1392 redegit
1936 1311 2151 1373 Christi

38 1404 216 1463 verba
243 1415 302 1463 et
327 1405 794 1480 institutionem
828 1416 894 1463 ut
915 1406 979 1463 in
1006 1403 1447 1485 probationibus
1474 1405 1857 1465 ostendimus.

118 1500 221 1558 29.
244 1499 389 1559 Sed
365 1522 487 1578 Jam
505 1499 1008 1581 singillatimresp.
1023 1498 1098 1558 ad
1118 1500 1219 1573 1m
1240 1502 1397 1559 Dist.
1418 1500 1924 1582 Apostoliseorsim
1940 1468 2151 1581 singuli

36 1605 317 1675 tanquam
339 1594 586 1654 totidem
615 1594 879 1655 membra
902 1594 1161 1673 ejusdcm
1195 1595 1449 1677 corporis
1471 1607 1528 1655 et
1559 1616 1691 1654 cum
1715 1594 1910 1655 debita
1939 1595 2150 1655 subor-

36 1687 332 1749 dinatione
348 1689 423 1748 ad
442 1712 612 1748 suum
634 1701 807 1772 caput
825 1736 841 1765 ·,
873 1691 1113 1748 Petrum
1128 1689 1342 1749 scilicet
1362 1735 1377 1765 .,
1406 1701 1472 1748 ut
1487 1690 1725 1749 inferius
1752 1690 2146 1767 ostendemuS,

36 1783 454 1845 revelationem
478 1796 936 1866 proposuerunt,
961 1784 1291 1851 conc.;‘alio
1321 1806 1494 1844 sensu
1511 1830 1527 1862 ,
1565 1807 1695 1865 neq.
1723 1787 2010 1864 Negamus
2040 1808 2148 1867 pa-

35 1879 178 1937 riter
214 1879 459 1939 totidem
507 1881 660 1961 ipsos
708 1879 992 1939 societatis
1043 1878 1506 1961 independentes
1554 1880 1952 1953 constituisset,
2012 1902 2147 1940 cum

33 1974 190 2032 enim
234 1975 496 2034 Christus
538 1976 880 2036 universum
929 1997 1162 2055 gregem
1205 1997 1377 2052 suum
1426 1976 1581 2036 Petri
1635 1962 1784 2035 curae
1835 1975 2144 2054 tradideri,

34 2072 227 2148 (Joan.
250 2073 382 2130 XXI
402 2117 417 2146 .,
453 2071 574 2152 17),
599 2073 736 2131 binc
758 2071 1019 2154 Apostoli
1038 2072 1250 2152 singuli
1272 2071 1652 2154 acquirebant
1667 2117 1684 2147 ‚
1709 2084 1775 2130 ut
1791 2073 1871 2131 ita
1892 2072 2104 2154 ‚loquar
2123 2116 2147 2147 ,

20 2167 232 2239 Petr03
274 2188 475 2226 omnes
510 2166 624 2227 illae
655 2166 928 2249 partiales
970 2167 1271 2227 societates
1315 2190 1416 2227 seu
1446 2167 1706 2227 Ecclesiae
1744 2167 2144 2228 coalescebant

29 2259 91 2317 in
123 2282 302 2319 unam
338 2262 727 2321 universalem
762 2260 870 2320 sub
910 2262 1192 2342 regimine
1227 2263 1380 2321 Petri
1403 2308 1420 2338 .,
1469 2285 1598 2344 quae
1641 2262 1888 2344 proinde
1914 2267 2038 2341 jam
2068 2262 2142 2322 ab

31 2355 170 2435 ipsis
207 2355 532 2437 apostolicis
565 2355 924 2439 temporibus
963 2358 1264 2417 Catholica
1291 2379 1393 2417 seu
1428 2357 1771 2419 universalis
1807 2368 2144 2440 nuncupata

30 2450 136 2510 fuit
164 2450 269 2533 (1).

107 2683 174 2748 (l)
210 2683 259 2732 S.
281 2684 484 2749 ignatius
499 2683 660 2747 Epist„
687 2682 744 2730 ad
757 2681 1012 2748 Smyrnaeos
1025 2718 1042 2744 ,

32 2780 116 2828 cap
136 2763 182 2814 8.
205 2801 217 2823 ‚
248 2768 312 2813 sic
342 2767 405 2813 ait
435 2781 448 2812 ε
477 2759 620 2811 ’Ὃκ-ου
649 2760 701 2812 02³»
726 2768 842 2830 φοιιξῖ
868 2764 889 2812 o‘
920 2760 1047 2811 ivr-lo·-

32 2865 166 2899 κοπος
182 2885 194 2907 ,
230 2847 326 2895 ἐκεῖ
342 2843 394 2895 τὲ
416 2850 583 2900 πλῆθος
616 2842 747 2894 ’ἔα-τω·
774 2840 918 2910 ἕσπερ
938 2840 1043 2894 ἕπου

28 2922 81 2975 ἓν
123 2923 150 2980 ἦ
185 2924 369 2994 xpm-rig
410 2929 601 2988 'Ino-035,
644 2927 738 2974 ἐκεῖ
770 2927 796 2981 ἦ
829 2923 1043 2981 καθολικ»)

31 3006 267 3070 ἐκκλησία,
278 3009 327 3056 id
346 3019 428 3067 est,
457 3007 559 3057 Ubi
571 3009 893 3072 comparuerit
904 3006 1045 3072 Epis·

29 3105 200 3153 copus,
226 3090 301 3137 ibi
340 3098 385 3137 et
412 3088 665 3137 multitudo
693 3091 786 3149 εἰη
817 3088 1043 3152 quemad-

35 3170 229 3217 modum
245 3170 492 3234 ubifuerit
517 3170 739 3219 Christus
771 3169 945 3230 Jeme,
971 3170 1045 3218 ibi

33 3251 268 3299 catholica
313 3260 379 3298 eet
423 3250 662 3301 Ecclesia.
708 3249 784 3299 Sic
824 3255 874 3299 in
909 3254 1039 3317 epist.

29 3332 240 3381 Ecclesiae
258 3330 544 3398 Smyrnensis
569 3333 626 3382 de
641 3333 867 3399 {martyrio
888 3332 940 3381 S.
959 3332 1042 3381 Po-

28 3414 201 3479 lycarpi
226 3415 390 3479 legitur
413 3431 427 3462 ε
456 3412 543 3463 1(ae}
570 3411 800 3468 οὕτωςτέν
828 3421 910 3470 riis·
945 3417 1040 3478 οἱφ-

30 3498 227 3562 Sapo-1025
260 3493 474 3556 στέφανον
514 3497 782 3560 οἱπολιβὸν,
829 3495 903 3546 σὼ
947 3497 1040 3549 τοῖς

30 3576 303 3631 inanimus
337 3575 414 3627 καὶ
441 3582 556 3628 ’τοῖσι
586 3575 778 3633 δικαιόιὲ
804 3575 1045 3639 ἆγαλλιᾶ-

1094 2744 1098 2747 ·
1127 2701 1256 2744 μενος
1274 2718 1287 2742 ,
1308 2677 1493 2742 δοξάζει
1517 2677 1589 2729 viv
1617 2677 1720 2729 θεὸν
1739 2676 1816 2728 καὶ
1837 2675 2038 2746 mcv-ipa,
2066 2676 2143 2728 nal

1134 2763 1311 2822 εᾶλογεῒ
1338 2758 1409 2810 vir
1436 2760 1574 2827 κόριον
1600 2763 1714 2824 ἤμῦν
1731 2798 1746 2821 ,
1776 2758 1853 2809 καὶ
1884 2760 2142 2827 κυβερνῆτηυ

1126 2850 1208 2894 τὸν
1228 2842 1445 2906 σωμάτων
1468 2845 1581 2906 ἡμῶν
1596 2881 1609 2904 ,
1626 2839 1701 2892 καὶ
1719 2840 1909 2906 ποιμένα
1924 2848 2006 2898 τῆς
2020 2842 2144 2893 κατ-οὶ

1127 2924 1202 2982 viv
1237 2923 1482 2988 οἰκουμένην
1512 2930 1750 2981 καθολικὶἷς
1785 2923 2027 2980 ἐκκλησίαις
2049 2964 2062 2986 ,
2094 2926 2143 2974 id

1127 3018 1194 3056 est
1213 3044 1227 3066 ‚
1255 3007 1306 3055 E
1308 3016 1327 3054 t
1350 3007 1440 3054 hac
1470 3008 1654 3055 ratione
1682 3009 2058 3056 immortalitatis
2074 3023 2144 3056 co·

1127 3105 1295 3136 ronam
1314 3088 1511 3154 adeptus
1542 3089 1628 3153 (S.
1665 3088 1946 3157 Polycarpus
1968 3092 1981 3150 )
2002 3126 2015 3147 ‚
2042 3105 2143 3137 una

1125 3187 1234 3218 cum
1249 3168 1491 3235 Apostolis
1529 3173 1668 3236 atque
1710 3170 1935 3219 omnibus
1973 3166 2134 3219 Sanc-

1126 3254 1188 3299 tis
1225 3250 1360 3299 loetus
1397 3250 1634 3316 ylerificat
1677 3250 1831 3300 Deum
1881 3239 2082 3300 Patrem
2115 3289 2130 3312 ‚

1125 3341 1169 3380 et
1183 3332 1419 3380 benedicit
1436 3332 1709 3381 Dominum
1737 3342 1953 3381 nostrum
1969 3333 2142 3398 quber-

1135 3425 1348 3464 notorem
1393 3431 1644 3481 corporum
1684 3426 1956 3465 nostrorum
2000 3423 2044 3462 et
2064 3431 2141 3462 ca-

1126 3498 1308 3545 tholicae
1324 3513 1419 3563 per
1443 3499 1719 3546 univercum
1738 3498 1894 3546 orbem
1909 3496 2140 3555 Ecclesiae,

1131 3579 1274 3644 (apud
1298 3578 1569 3646 Uenerium).
1602 3579 1660 3630 Et
1683 3582 1735 3629 in
1754 3582 1866 3630 actis
1880 3577 1932 3628 S.
1951 3577 2100 3627 Pionii
2124 3614 2140 3639 ‚
