2554 4140
339 203 458 259 262
977 221 1045 256 ne
1088 220 1235 258 vens
1281 220 1400 257 nst.
1455 221 1586 259 ⁴inv.
1618 223 1837 258 ‘nurum

428 364 563 423 134ss
619 360 701 421 Ad
734 360 855 436 3¹1¹}
893 365 1044 420 Dist.
1083 372 1152 420 ut
1183 383 1397 443 supra3
1438 362 1660 421 etenim
1690 363 2064 445 prosequitur
2094 364 2322 427 ibidem
2355 366 2474 427 im·-

343 458 596 519 mediate
614 458 669 516 S.
690 458 1083 539 Hieronymus
1108 480 1120 515 :
1144 458 1318 518 Inter
1331 459 1645 517 duodecim
1664 480 1828 517 uitus
1849 461 2099 538 eliyitur
2114 461 2172 542 (a
2188 461 2467 546 Christo),

336 565 409 613 ut
426 558 622 633 capite
649 558 965 613 constituto
999 554 1339 613 schismatis
1372 556 1622 613 tollatur
1658 558 1903 614 occasio,

427 650 561 710 135.
609 654 754 709 Inst.
794 649 1067 711 secundo·
1103 651 1367 712 Ecclesiae
1403 651 1712 711 orientales
1741 663 1801 711 et
1825 652 2151 738 apostolieae
2187 653 2476 737 indepen-

334 758 423 806 tes
466 767 701 829 semper
740 747 979 806 fuerunt
1017 746 1091 805 ab
1136 746 1382 806 Ecclesia
1419 749 1682 807 Romana
1708 792 1725 819 ,
1764 770 1864 807 seu
1901 770 1932 807 a
1965 750 2228 808 Romano
2272 751 2476 809 Ponti-

337 845 480 918 fice3
517 866 672 924 ergo·

424 940 562 1000 136.
612 943 788 1023 Resp.
821 940 979 1020 Ney.
1021 949 1215 998 antec.
1249 940 1400 997 Nam
1435 941 1683 999 Romani
1723 942 2029 1001 Pontifices
2068 941 2238 1001 toties
2277 962 2476 1002 veram

335 1048 726 1097 exercuerunt
762 1036 1172 1094 auctoritatem
1200 1034 1261 1092 in
1292 1033 1571 1093 Ecclesias
1597 1036 1909 1097 orientales
1930 1083 1944 1110 ,
1980 1039 2206 1120 quoties
2231 1060 2355 1098 sese
2379 1037 2478 1097 ob-

336 1131 475 1191 tulit
504 1131 722 1190 occasio
753 1129 848 1190 vel
878 1130 1189 1189 necessitas
1212 1174 1228 1202 .,
1264 1137 1332 1187 ut
1365 1128 1651 1211 pleraque
1682 1131 2058 1193 ecclesiastica
2090 1145 2478 1194 monumenta

334 1238 666 1300 testantur,
714 1226 842 1307 ipso
881 1225 1107 1285 fatente
1146 1223 1357 1305 Fleury
1401 1225 1511 1304 (l)
1564 1226 1635 1283 Et
1678 1246 1818 1285 sane
1861 1226 2195 1309 frequentes
2239 1234 2479 1288 fuerunt

334 1343 605 1382 recursus
621 1320 698 1380 ad
724 1321 1118 1404 Apostolicam
1143 1319 1376 1380 Sedem.
1401 1322 1535 1380 Non
1551 1342 1684 1380 raro
1707 1342 1847 1381 sane
1864 1321 2214 1384 Patriarchae
2232 1323 2477 1385 alexan—

335 1418 541 1478 drinus
565 1464 580 1494 ,
610 1418 1030 1492 antiochenus,
1063 1416 1600 1478 hierosolimitanus
1619 1463 1635 1492 7
1670 1417 2061 1498 Apostolicam
2090 1419 2303 1479 Sedem
2322 1420 2476 1481 adie-

332 1526 509 1588 runt3
564 1537 687 1573 non
727 1536 861 1574 raro
901 1514 978 1574 ad
1013 1515 1203 1596 ipsam
1247 1512 1675 1596 appellationes
1714 1512 2092 1594 detulerunt3
2134 1537 2255 1574 non
2299 1515 2480 1576 semel

335 1612 514 1670 etiam
545 1612 703 1693 ipsos
730 1610 1094 1670 patriarchas
1117 1610 1368 1669 Romani
1403 1610 1711 1669 Pontifices
1735 1609 2173 1692 deposuerunt3
2214 1613 2271 1670 S.
2308 1611 2480 1670 Atha-

337 1709 570 1780 nasiuS,
627 1729 658 1766 a
694 1729 796 1766 sua
848 1706 986 1766 sede
1039 1707 1391 1766 Arianorum
1429 1705 1960 1765 machinationibus
2001 1706 2313 1789 expulsuS,
2371 1728 2480 1788 ap-

338 1803 587 1885 pellavit
632 1803 707 1862 ad
765 1802 974 1863 Sedem
1028 1805 1356 1862 Romanam
1386 1827 1401 1876 3
1460 1803 1516 1860 S.
1559 1802 1920 1884 Sophronius
1969 1800 2481 1883 Jerosolymitanus

339 1911 398 1959 et
423 1901 653 1981 Sergius
681 1899 1355 1983 constantinopolitanus
1383 1899 1443 1957 in
1476 1920 1646 1958 causa
1673 1897 2193 1958 Monothelitarum
2230 1898 2478 1957 Romam

339 1997 648 2056 miserunt.
683 2000 749 2056 In
781 1996 1092 2056 schismate
1120 1996 1474 2056 antiocheno
1497 1995 1560 2053 id
1587 1995 1783 2077 ipsum
1808 1995 2026 2054 sactum
2052 2003 2142 2054 est
2163 1994 2275 2076 (2).
2307 1993 2478 2069 Quod

338 2094 545 2175 primis
576 2094 756 2153 etiam
780 2091 1042 2154 Ecclesiae
1074 2092 1295 2153 saeculis
1320 2093 1540 2176 passim
1564 2092 1786 2152 factum
1814 2092 2066 2176 ipsemet
2096 2091 2478 2151 Wetsteinius

341 2189 608 2249 concedit
629 2236 644 2264 ,
684 2190 995 2272 eidemque
1020 2190 1337 2248 assentitur
1361 2188 1593 2249 Gibbon
1622 2188 1733 2271 (3).

337 2409 577 2462 toritatem
602 2408 897 2457 destituendi
921 2407 1223 2475 Episcopum
1240 2411 1374 2457 invi-

336 2497 470 2548 tum,
503 2501 617 2552 etc„
644 2494 765 2541 inter
796 2493 1139 2542 dissertationes
1165 2493 1374 2559 ejusdem

336 2574 527 2622 selectas
557 2611 572 2634 ‚
628 2574 789 2623 Romae
827 2594 951 2624 anno
1005 2572 1128 2641 1807
1188 2576 1374 2638 editas,

339 2674 392 2705 n.
438 2674 503 2705 ιν.

413 2738 473 2800 (l)
512 2737 663 2804 Opere
730 2742 889 2788 citato.
950 2740 1092 2788 ConS.
1154 2750 1375 2806 praeterea

341 2819 638 2884 Opuseulum
690 2820 883 2870 Domini
931 2821 1231 2871 Marchetti:
1276 2821 1379 2872 Del

339 2903 549 2951 concilio
577 2904 632 2951 di
650 2900 691 2951 S
693 2903 864 2952 ardica
884 2942 898 2964 ‚
920 2905 1011 2953 vol.
1040 2923 1058 2954 1
1075 2943 1088 2966 ‚
1106 2903 1263 2968 in-80,
1290 2923 1377 2956 nec

344 3005 441 3034 non
470 2989 774 3037 eruditissimi
800 2989 960 3038 fratres
978 2987 1201 3039 Ballerini
1224 3028 1236 3050 ‚
1275 3003 1376 3039 tum

343 3072 392 3118 in
429 3073 511 3119 cit.
544 3089 624 3136 op.
670 3071 750 3120 De
780 3074 967 3121 ratione
999 3074 1250 3139 primatus
1279 3074 1377 3123 Ro-

343 3169 599 3200 manorum
624 3154 951 3219 Pontificum,
984 3165 1084 3204 tum
1103 3158 1153 3204 in
1174 3156 1374 3205 adnota-

344 3235 555 3283 tionibus
588 3237 644 3284 ad
680 3255 852 3287 novam
895 3239 1147 3288 editionem
1181 3257 1374 3306 operum

338 3316 390 3365 S.
424 3316 588 3366 Leonis
623 3318 810 3384 Magni,
845 3322 1069 3388 operibus
1099 3340 1350 3388 nunquam

340 3402 451 3447 satis
477 3402 837 3452 commendatis,

433 3482 464 3529 2
522 3481 643 3531 ibid.

411 3485 482 3628 ((3))
513 3566 593 3612 De
617 3563 757 3631 lapsu
793 3564 928 3633 Imp.
967 3569 1107 3619 Rom.
1138 3587 1245 3635 cap.
1285 3586 1371 3628 21,

341 3647 543 3715 loquens
588 3648 646 3697 de
685 3648 995 3714 appellatione
1038 3654 1306 3718 interposita
1347 3669 1373 3700 a

340 3728 370 3776 S
387 3730 654 3782 ,Athanasio
669 3733 726 3782 ad
743 3732 1004 3782 Romanam
1019 3734 1186 3784 Sedem
1203 3772 1220 3798 ‚
1243 3754 1295 3784 n.
1326 3753 1368 3796 1,

1459 2410 1601 2457 refert
1632 2409 2079 2458 animadversionem
2112 2408 2356 2473 prudentia
2379 2405 2482 2472 ple-

1456 2508 1589 2553 nam,
1611 2502 1664 2539 ut
1679 2494 1777 2558 ipse
1797 2503 1944 2552 vocat,
1967 2491 2266 2555 Wetsteinii(
2287 2489 2478 2554 Proleq.

1456 2592 1506 2622 n.
1538 2591 1552 2621 1
1584 2611 1598 2634 ‚
1624 2590 1730 2640 pag.
1760 2574 1854 2640 ¹9)
1881 2591 1894 2623 :
1925 2573 1984 2622 Si
2006 2582 2166 2620 tamen
2191 2572 2482 2621 ecclesiasti-

1455 2673 1563 2705 cam
1589 2657 1842 2705 historiam
1869 2655 2072 2704 velimus
2099 2654 2361 2716 consulere,
2383 2672 2478 2721 pa-

1456 2738 1569 2786 tebit
1571 2741 1683 2805 jam
1703 2738 1817 2787 inde
1836 2756 1866 2787 a
1881 2737 2052 2786 soeculo
2069 2756 2135 2798 iv,
2155 2754 2265 2785 cum
2284 2774 2297 2795 ‚
2323 2739 2482 2785 enatis

1456 2823 1807 2882 controversiis,
1826 2819 1876 2871 E
1877 2821 2056 2870 cclesioe
2069 2837 2237 2886 qraecoe
2250 2819 2482 2868 Doctores

1456 2907 1514 2953 in
1544 2906 1668 2954 duas
1688 2914 1854 2972 partes
1871 2904 2227 2965 scinderentur,
2250 2903 2447 2967 inqenio
2463 2941 2480 2962 ,

1457 2987 1726 3054 eloquentia
1747 3024 1762 3047 ‚
1787 3004 1987 3036 numero
2016 2995 2288 3035 tamennon
2319 3000 2481 3050 oequa-

1456 3071 1541 3136 les,
1557 3090 1663 3121 eam
1677 3080 1885 3139 partem,
1901 3089 2006 3137 quoe
2023 3074 2212 3121 vincere
2226 3069 2454 3137 cupiebat
2462 3105 2479 3129 ,

1459 3156 1661 3204 Romam
1717 3150 2002 3219 confuqisse
2021 3193 2034 3215 ,
2095 3154 2484 3220 majestatemque

1459 3240 1592 3287 Pont
1600 3238 1724 3303 ificis
1741 3239 1940 3285 comiter
1962 3236 2164 3285 coluisse
2186 3274 2198 3295 ‚
2216 3250 2484 3301 eoquepac-

1457 3330 1501 3370 to
1527 3360 1538 3381 ‚
1563 3322 1801 3387 oppressis
1833 3338 1923 3386 per
1949 3320 2239 3384 Pontificem
2271 3328 2318 3366 et
2333 3315 2483 3383 Epi-⁹-

1455 3422 1593 3471 copos
1616 3403 1789 3452 latinos
1812 3404 2110 3453 adversariis
2126 3400 2444 3469 praevaluisse
2467 3437 2479 3457 ,

1458 3496 1600 3552 atque
1635 3486 1967 3535 orthodoxiam
1993 3491 2049 3536 in
2081 3485 2313 3537 Conciliis
2336 3483 2485 3530 stabi·

1457 3568 1655 3630 livisse3
1687 3587 1793 3617 eam
1823 3571 1880 3619 ob
1918 3587 2142 3619 caussam
2179 3567 2486 3618 Athanasius

1457 3668 1558 3699 non
1579 3653 1687 3700 sine
1718 3655 1949 3702 comitatu
1981 3654 2181 3702 Romam
2201 3650 2350 3717 petiit
2370 3647 2487 3714 plu·

1457 3750 1624 3800 resque
1665 3753 1817 3785 annos
1862 3736 1937 3784 ibi
1983 3735 2136 3784 hoesit.
2186 3732 2394 3781 Admissa
2437 3734 2486 3779 in
2520 3717 2536 3725 ἢ
