2554 4140
428 203 550 244 CAP.
601 205 689 240 111.
740 204 809 240 nn
851 201 977 239 nor.
1026 199 1149 238 mv.
1197 201 1270 238 ac
1308 198 1610 239 svmmvm.
1662 197 1793 238 nav.
2101 175 2172 233 91

139 348 280 406 222.
332 346 417 406 Ad
439 347 560 421 2¹1¹,
600 346 749 427 Neq.
795 345 974 403 Casus.
1007 341 1169 400 enim
1194 339 1420 417 Elisaei7
1449 344 1550 424 qui
1590 341 1933 415 adducitur,
1975 339 2179 399 unicus

60 455 148 502 est
183 454 242 503 et
267 442 592 522 singularis,
626 441 715 500 Ad
743 436 1068 498 sedandum
1100 435 1262 494 enim
1300 437 1564 495 animum
1598 460 1771 497 suum
1794 435 2045 520 psaltem
2082 457 2179 496 re-

61 540 324 620 quisivit,
359 561 482 597 non
510 536 586 595 ad
613 532 988 594 excitandum
1018 531 1293 612 spiritum
1319 530 1668 613 prophetiae.

140 633 280 693 223.
324 633 419 694 Ad
456 632 572 702 3¹²²,
605 631 764 688 Dist.
803 627 893 686 Ad
915 627 1012 708 pie
1044 625 1376 686 educandos
1406 625 1802 686 adolescentes
1823 673 1840 702 ,
1867 650 1939 688 ex
1966 627 2177 711 quibus

59 731 213 788 Deus
241 729 460 808 aliquos
484 721 810 782 identidem
839 720 1094 801 eligebat
1123 720 1198 779 ad
1223 721 1415 780 futura
1450 721 1909 803 praenuncianda
1929 767 1946 797 .,
1979 745 2186 791 conc.;

60 825 135 883 ad
171 834 351 882 artem
386 816 780 901 prophetandi
809 815 1226 876 addiscendam
1246 862 1262 890 ,
1294 838 1422 897 neq.
1453 817 1526 874 Et
1554 815 1649 874 hic
1680 813 1871 875 obiter
1905 826 2179 877 notamus

58 940 190 977 cum
227 914 455 993 Bergier
486 913 573 994 (l)
593 958 608 987 a
637 933 759 970 non
796 933 973 970 unam
1004 933 1127 970 esse
1160 911 1223 970 in
1257 911 1567 993 Scripturis
1599 911 1853 970 nominis
1872 913 2179 990 prophetoe

59 1011 481 1092 acceptionem3
520 1006 837 1088 aliquando
862 1008 1022 1066 enim
1051 1007 1160 1066 hac
1193 1007 1676 1067 denominatione
1713 1007 1962 1068 veniunt
1991 1018 2180 1066 orato·

58 1129 176 1178 ree,
210 1125 324 1185 quo
360 1125 536 1162 sensu
584 1104 775 1163 Aaron
812 1101 1023 1161 dicitur
1051 1103 1343 1182 propheta
1375 1104 1638 1182 Moysis3
1680 1102 1983 1161 interdum
2027 1101 2182 1162 desi-

57 1210 310 1280 gnantur
342 1198 520 1280 aliqui
543 1197 776 1257 addicto
805 1197 880 1256 ad
907 1197 1134 1258 divinas
1151 1197 1360 1257 laudes⁴
1379 1197 1701 1273 canendas,
1735 1197 1867 1256 talis
1895 1197 2005 1256 fuit
2032 1199 2188 1257 Saul

55 1299 217 1353 inter
244 1295 565 1374 prophetas
579 1336 600 1364 ,
637 1292 736 1352 vel
773 1313 906 1351 cum
945 1293 1112 1351 domi
1137 1295 1575 1373 prophetabat,
1619 1292 1910 1375 psallente
1943 1292 2178 1367 David3

56 1390 306 1450 veniunt
328 1389 570 1470 insuper
594 1387 865 1448 doctores*
888 1399 948 1447 et
974 1387 1326 1470 interpretes
1351 1388 1493 1471 legis
1514 1433 1530 1464 ,
1558 1408 1675 1470 quo
1709 1409 1881 1448 sensu
1908 1387 2184 1448 nonnulli

59 1485 333 1544 dicuntur
376 1484 478 1543 filii
508 1531 524 1560 7
570 1484 632 1543 id
668 1495 756 1544 est
778 1529 794 1558 .,
831 1482 1099 1565 discipuli
1141 1483 1602 1567 prophetarum,
1647 1484 1748 1566 qui
1785 1505 2002 1566 nempe
2040 1482 2182 1564 legis

59 1580 383 1639 doctrinam
415 1578 796 1639 addiscebant
829 1578 903 1638 ab
938 1578 1031 1638 his
1066 1578 1418 1639 doctioribus
1440 1626 1457 1651 ,
1490 1601 1741 1662 quorum
1777 1580 1956 1662 aliqui
1980 1578 2182 1640 divino

58 1676 234 1734 etiam
267 1675 489 1735 lumine
520 1674 933 1735 edocebantur.
970 1676 1108 1748 Quae
1147 1677 1194 1734 si
1233 1687 1496 1735 accurate
1531 1676 1935 1736 distinxissent
1986 1675 2183 1735 incre—

58 1770 180 1829 duli
201 1817 217 1846 7
255 1771 628 1853 prophetiam
664 1772 818 1830 inter
854 1770 1142 1830 humanas
1168 1782 1320 1831 artes
1360 1771 1603 1830 minime
1634 1782 2176 1831 connumerassent.

140 1865 281 1924 224.
330 1865 418 1925 Ad
458 1866 577 1940 4¹1²,
611 1868 768 1925 Dist.
810 1867 892 1924 Ex
927 1877 1329 1948 praeconcepta
1369 1865 1832 1926 adversariorum
1864 1866 2180 1940 sententia,

58 1980 247 2026 comm
269 1961 330 2018 in
365 1982 458 2035 se,
495 1983 623 2041 neq.
662 1961 894 2019 Etenim
938 1963 1112 2020 Isai‘as
1147 1961 1223 2020 ad
1264 1959 1654 2021 calamitatem
1687 1962 2089 2043 AEgyptiorum
2124 1972 2184 2020 et

59 2053 395 2137 AEthiopum
414 2055 727 2135 symbolice
755 2057 1205 2137 exprimendam
1230 2056 1494 2138 deposito
1517 2056 1694 2138 pallio
1719 2057 1953 2115 nonnisi
1976 2055 2182 2115 ultima

56 2288 165 2337 chra
191 2286 491 2336 similitudine
516 2289 667 2335 utitur
697 2304 712 2336 ε
735 2287 902 2336 eodem
933 2287 1072 2336 modo

55 2388 110 2418 ac
136 2370 260 2418 idem
305 2380 469 2417 ventus
500 2371 727 2418 transiens
755 2386 838 2434 per
872 2369 1071 2418 diversas

55 2453 212 2516 organi
227 2451 402 2500 fistulas
418 2451 650 2500 diversum
680 2468 847 2499 sonum
876 2453 1066 2513 emittit,

55 2535 122 2582 sic
150 2534 257 2583 licet
270 2533 393 2582 idem
425 2536 611 2599 spiritus
634 2536 723 2595 sit,
758 2537 840 2600 qui
868 2535 1070 2583 diversos

52 2617 274 2681 inspirat,
304 2616 609 2665 diversimode
634 2616 842 2682 loquitur
874 2632 962 2682 pro
997 2617 1069 2664 di—

49 2701 262 2747 versitate
288 2698 485 2758 indolis,
519 2708 608 2747 etc.
635 2697 851 2747 Ceterum
881 2709 1067 2747 contro·
1094 2743 1099 2746 ,

50 2782 193 2827 versia
212 2779 269 2828 de
283 2779 424 2828 modo
441 2782 750 2844 inspirationis
766 2817 779 2838 ‚
799 2782 895 2829 sive
914 2781 1070 2846 quoad

50 2860 198 2909 solum
233 2878 446 2925 sensum,
482 2864 578 2910 sive
612 2862 766 2928 quoad
800 2862 939 2911 verba
972 2865 1068 2911 sin·

50 2943 156 3006 gula
178 2943 332 2991 adhuc
361 2946 498 3007 viget.
520 2943 803 2992 Concilium
844 2944 973 2993 Trid.
1008 2945 1069 2993 li-

51 3032 144 3070 tem
160 3023 373 3073 dirimere
391 3026 541 3073 noluit
558 3063 571 3084 ‚
604 3026 685 3075 sed
700 3026 851 3074 solum
867 3025 1070 3075 declarat

51 3102 204 3151 Deum
222 3109 461 3171 utriusque
486 3108 671 3156 foederis
693 3119 928 3157 auctorem
951 3126 1068 3159 esse.

49 3181 208 3233 Plures
224 3186 526 3237 diversimode
546 3189 820 3255 loquuntur.
845 3189 918 3238 Ex
937 3190 1070 3239 theo·

49 3265 165 3330 logis
202 3266 384 3316 Lessius
427 3279 471 3318 et
508 3269 747 3320 Hamelius
792 3271 839 3319 S.
880 3271 924 3320 J.
952 3275 1073 3320 inter

50 3348 159 3395 alias
181 3349 330 3397 theses
345 3350 468 3400 banc
478 3362 736 3402 statuerunt
754 3372 768 3402 ε
796 3354 849 3404 U
847 3362 866 3401 t
881 3354 1074 3419 aliquid

51 3430 116 3476 sit
133 3432 378 3496 scriptura
398 3447 536 3480 sacra
554 3450 655 3483 non
668 3444 737 3483 est
748 3437 1071 3484 necessarium

50 3511 247 3576 sinqula
292 3514 395 3579 ejus
443 3514 587 3564 verba
635 3533 733 3565 esse
779 3520 1022 3584 inspirata
1055 3556 1069 3579 ,

52 3609 195 3657 quam
238 3594 403 3643 thesim
431 3595 653 3663 Theologi
685 3599 993 3650 Lovanienses
1028 3612 1072 3650 et

60 3671 265 3725 Duaceni
297 3680 427 3726 annis
458 3675 582 3744 1587
607 3691 652 3730 et
681 3678 808 3730 1588
839 3692 936 3731 atro
968 3699 1070 3732 car-

1158 2287 1282 2336 bone
1314 2298 1550 2336 notarunt.
1589 2286 1702 2337 Haec
1748 2299 1907 2338 tamen
1934 2305 2129 2339 censura
2156 2309 2183 2339 a

1155 2370 1348 2435 reliquis
1385 2371 1624 2420 catholicis
1641 2408 1656 2428 ‚
1684 2371 1744 2420 ab
1776 2374 2073 2420 universitate
2097 2372 2184 2421 Pa-

1155 2455 1334 2500 risiensi
1387 2463 1431 2502 et
1475 2471 1500 2502 a
1539 2454 1676 2502 Rom.
1714 2453 1938 2503 Pontifice
1990 2453 2185 2504 minime

1156 2535 1345 2599 probata
1396 2536 1505 2585 fuit.
1539 2537 1659 2585 Cum
1695 2536 1851 2585 Lessio
1889 2547 1936 2586 et
1971 2537 2184 2587 Hamelio

1155 2620 1459 2666 consentiunt
1491 2636 1516 2667 e
1545 2616 1652 2668 Soc.
1686 2618 1796 2667 Jesu
1814 2656 1827 2680 ,
1852 2618 2183 2679 Bellaruninus,

1155 2698 1359 2748 Mariana
1378 2737 1392 2761 ‚
1415 2699 1454 2748 Α
1469 2700 1667 2765 Lapide,
1683 2700 1951 2749 Bonfrerius
1973 2702 2147 2767 aliique
2162 2736 2181 2763 ‚

1155 2799 1207 2830 ex
1227 2784 1429 2831 externis
1465 2782 1690 2831 Melchior
1713 2781 1868 2833 Canus
1886 2819 1900 2838 ,
1922 2782 2182 2832 Contenso-

1155 2865 1263 2910 nius
1288 2900 1301 2923 ‚
1346 2863 1558 2922 Calmet‚
1595 2873 1757 2928 estque
1798 2867 2024 2912 sententia
2054 2882 2183 2913 com-

1156 2947 1448 2995 munissima.
1470 2944 1609 2993 Conf.
1643 2946 1755 2994 diss.
1784 2944 1966 2994 Calmet
1994 2945 2075 2994 De
2098 2948 2182 2995 in-

1155 3027 1420 3092 spiratione
1443 3064 1457 3088 ,
1497 3037 1590 3076 etc.
1631 3028 1690 3076 ad
1734 3045 1771 3076 11
1814 3027 1938 3077 Petr.
1993 3028 2179 3078 Holden

1156 3110 1342 3175 longius
1376 3127 1639 3175 progressus
1656 3119 1744 3158 est.

1225 3193 1299 3255 (l)
1345 3192 1516 3240 Traite
1535 3230 1549 3252 ‚
1575 3202 1662 3240 etc.
1692 3202 1806 3240 tom.
1833 3210 1900 3241 vn
1922 3230 1936 3253 ‚
1960 3192 2095 3257 cbap.
2117 3210 2145 3258 7
2170 3229 2185 3252 ,

1158 3285 1247 3327 art.
1286 3291 1335 3335 1,
1368 3273 1448 3340 §L
1483 3274 1621 3322 Plura
1659 3276 1799 3323 etiam
1840 3275 1898 3323 de
1936 3275 2026 3323 hoc
2051 3293 2185 3339 argu-

1157 3368 1315 3405 mento
1328 3356 1471 3405 habet
1483 3356 1608 3405 Jahn
1623 3393 1637 3416 ‚
1657 3355 1848 3406 Introd.
1866 3358 1922 3404 in
1936 3356 2083 3404 libros
2108 3353 2180 3404 V.

1157 3448 1201 3486 et
1213 3438 1282 3487 N.
1299 3438 1519 3486 Foederis
1533 3474 1546 3497 ,
1562 3436 1589 3504 3
1607 3435 1691 3487 83.
1708 3437 1798 3488 Sed
1812 3439 1871 3487 ab
1887 3439 1975 3486 hoc
1995 3448 2182 3505 auctore

1160 3520 1293 3569 valde
1328 3521 1589 3570 cavendum
1610 3555 1625 3583 ‚
1642 3538 1758 3586 saepe
1783 3523 1907 3571 enim
1930 3520 2183 3570 acceditad

1166 3602 1366 3651 biblieos
1390 3601 1719 3651 Protestantes.
