2554 4140
2043 111 2164 170 217

542 139 694 178 PROP.
739 139 801 176 11.
851 139 918 174 DE
960 136 1181 175 EGGLES.
1228 136 1445 173 INFALI..
1494 133 1677 172 DEPOS·

23 282 41 308 '
61 309 326 360 morum3
353 288 420 345 20
443 291 642 366 jugem
676 282 1072 344 adsistentiam
1100 278 1314 337 Christi
1341 301 1475 359 erga
1500 277 1802 361 Apostolos
1842 298 2167 358 eorumque

62 384 346 463 legitimos
373 402 720 440 successores
740 425 756 454 ,
781 397 967 459 usque
989 373 1064 433 ad
1087 375 1653 441 consummationem
1684 371 1878 433 saeculi
1916 372 1978 430 in
2007 377 2182 451 ejus—

64 479 224 538 modi
257 477 610 549 ministeriot,
641 475 706 534 30
727 485 1007 533 aeternum
1040 466 1291 547 denique
1317 468 1562 548 Spiritus
1584 469 1776 527 Sancti
1802 490 1936 527 cum
1955 466 2167 526 iisdem

64 574 476 652 magisterium.

148 668 249 726 20.
298 669 442 746 Ergo
466 661 724 745 Apostoli
744 655 1138 720 sive‘Ecclesia
1161 677 1283 714 non
1309 654 1498 714 solum
1520 653 1728 714 habuit
1754 656 2174 718 revelationem

71 785 104 822 a
136 761 396 833 Christo,
448 758 550 817 sed
590 754 795 814 habuit
833 761 1116 833 praeterea
1161 748 1234 808 ab
1277 748 1484 809 eodem
1526 748 1754 808 Christo
1788 762 1847 810 et
1878 772 1910 809 a
1955 752 2176 832 Spiritu

78 858 285 915 Sancto
317 871 655 932 germanum
683 869 920 907 sensum
953 845 1214 924 ejusdem
1251 843 1641 906 revelationis,

128 950 250 1007 21.
295 949 440 1025 Ergo
479 965 600 1003 non
640 942 747 1002 soli
792 940 1081 1024 Apostoli,
1126 939 1230 1000 sed
1267 940 1506 1021 insuper
1544 938 1784 1018 legitimi
1828 939 2174 1000 eorumdem

72 1061 452 1113 successoreS,
490 1060 590 1098 seu
621 1036 866 1096 Ecclesia
904 1035 1169 1094 omnium
1213 1033 1777 1109 saeculorulnutitur
1819 1055 1920 1094 seu
1959 1035 2182 1116 qaudet

71 1133 698 1216 iisdem'praerogativis
718 1177 734 1205 7
768 1129 1197 1189 infallibilitatis
1226 1150 1444 1211 nempe
1473 1140 1534 1188 et
1562 1129 1917 1188 auctoritatis
1942 1128 2017 1187 ad
2039 1150 2179 1211 pro-

71 1229 410 1313 ponendam
431 1273 446 1302 ,
474 1225 912 1287 custodiendam
934 1246 999 1284 ac
1025 1223 1527 1306 interpretandam
1548 1223 1702 1283 hane
1730 1224 1996 1285 eamdem
2018 1245 2181 1285 reve-

71 1324 384 1397 lationem,
427 1334 631 1404 utpote
665 1342 912 1402 persona
944 1319 1177 1378 moralis
1204 1320 1420 1400 jugiter
1459 1319 1662 1380 vivens
1695 1341 1877 1401 usque
1918 1319 1993 1378 ad
2033 1340 2179 1379 con-

76 1419 524 1478 summationem
543 1415 734 1475 saeculi
750 1416 838 1494 (1)
854 1459 870 1490 ,
899 1435 1007 1474 nec
1032 1436 1154 1473 non
1171 1413 1245 1473 ad
1267 1413 1731 1476 conservandam
1752 1414 2174 1475 revelationem

77 1515 139 1573 in
173 1536 273 1572 sua
300 1512 590 1595 primitiva
617 1513 871 1592 puritate
893 1520 952 1569 et
980 1509 1313 1589 integritate
1333 1554 1350 1585 ,
1379 1509 1471 1567 cui
1500 1507 1608 1567 soli
1640 1509 1923 1591 promissa
1948 1520 2036 1569 est
2061 1509 2184 1571 vita

81 1620 295 1670 aeterna
315 1653 332 1683 .‚
375 1619 436 1666 et
462 1606 535 1666 ad
566 1606 823 1684 regimen
854 1604 916 1662 in
944 1625 1046 1662 sua
1076 1604 1302 1663 unitate
1340 1604 1827 1665 conservandum.

163 1704 263 1761 22.
311 1704 455 1781 Ergo
472 1699 757 1782 Apostoli,
783 1720 884 1758 seu
909 1697 1154 1757 Ecclesia
1160 1704 1305 1777 jam
1323 1703 1639 1758 constituta
1656 1743 1679 1772 ,
1705 1721 1776 1758 ac
1794 1720 1987 1779 supra
2007 1700 2186 1759 dictis

87 1799 315 1859 Christi
347 1796 850 1876 promissionibus
894 1798 1128 1852 munita
1149 1837 1167 1866 ‚
1216 1804 1533 1875 antequam
1590 1793 1743 1852 ullus
1797 1793 1951 1853 libe-1·
2010 1814 2185 1853 sacrae

85 1895 391 1976 Scripturae
431 1903 580 1951 esset
610 1891 814 1950 litteris
845 1891 1210 1969 consignatus
1230 1935 1246 1966 ,
1289 1889 1545 1971 adeoque
1568 1895 1692 1967 jam
1729 1912 1801 1949 ex
1833 1889 2186 1950 solemnibus

88 1990 298 2049 Christi
320 1986 792 2069 promissionibus
814 1986 1141 2044 inerrantiae
1165 1984 1320 2043 dono
1344 1997 1626 2066 perpetuo
1649 1997 1924 2045 exornata
1950 1985 2186 2066 (neque

86 2086 245 2144 enim
272 2082 447 2146 verba
472 2080 683 2141 Christi
714 2101 848 2141 vera
868 2090 1006 2138 sunt
1030 2080 1164 2160 quia
1186 2080 1395 2160 scripta
1414 2123 1432 2152 ,
1459 2078 1561 2139 sed
1585 2080 1717 2161 quia
1742 2101 1814 2140 ex
1842 2101 1940 2140 ore
1971 2078 2187 2138 Christi

159 2388 225 2453 (1)
262 2387 350 2435 Hic
379 2385 536 2434 sedulo
581 2382 915 2432 observandum
948 2392 1021 2447 est·
1043 2385 1094 2430 in

65 2480 277 2535 'corpore
326 2469 487 2517 morali
527 2483 822 2533 quocumque
855 2464 1094 2512 individua

93 2552 269 2616 singula
302 2570 327 2599 a
354 2560 500 2598 morte
518 2551 700 2614 praeripi
718 2585 732 2608 ‚
755 2548 834 2595 sed
856 2549 916 2594 ita
932 2556 983 2593 ut
999 2548 1095 2610 ipsa

94 2630 279 2683 so‘cie'tas
296 2633 453 2681 eadem
479 2648 657 2695 semper
681 2629 932 2676 subsistens
959 2631 1016 2675 sit
1046 2644 1096 2674 ac

93 2719 225 2775 viva,
255 2732 310 2763 ac
348 2714 541 2779 proinde
570 2712 810 2759 deficiente
839 2707 995 2774 aliquo
1019 2710 1109 2755 in-.

97 2799 287 2855 dividuo
314 2800 411 2861 ipsa
451 2792 568 2840 nihil
605 2793 796 2838 omnino
828 2791 884 2839 de
922 2792 1102 2854 propria

98 2880 388 2928 subsistentia
409 2878 600 2925 amittat.
620 2873 770 2937 Quare
783 2890 888 2921 cum
901 2871 1102 2920 Ecclesia

99 2963 151 3008 in
187 2960 506 3025 Apostolorum
543 2954 728 3020 collegio
768 2955 826 3002 ad
861 2957 999 3001 iustar
1027 2970 1101 3000 so-

102 3043 277 3089 cietatis
311 3059 363 3089 ac
405 3039 587 3087 moralis
629 3038 871 3103 cujusdam
908 3039 1105 3100 corporis

104 3124 242 3171 fuerit
265 3141 291 3170 a
317 3122 497 3170 Christo
524 3123 730 3169 instituta
748 3157 760 3178 ‚
798 3138 848 3168 ea
881 3123 1027 3168 statim
1057 3122 1106 3167 in

104 3207 381 3253 immensum
397 3221 533 3268 prope
543 3206 806 3264 excreverit,
823 3205 1107 3251 institutione

102 3288 297 3336 aliorum
357 3286 682 3351 Episcoporum
734 3303 815 3351 per
871 3285 1108 3349 Apostolos

102 3371 220 3418 sacta
245 3405 257 3428 ‚
282 3385 335 3415 ex
358 3367 525 3433 quibus
542 3370 840 3416 successiones
856 3385 935 3431 per
957 3376 1108 3414 totum

103 3462 330 3500 terrarum
358 3450 515 3498 orbem
536 3460 767 3514 coeperunt
785 3450 842 3498 ad
862 3467 946 3497 nos
964 3467 1108 3514 usque

106 3533 376 3581 descendere
397 3569 410 3592 ,
440 3548 602 3596 corpus
624 3530 880 3596 episcopale
907 3530 996 3579 sub
1026 3547 1107 3579 suo

104 3618 250 3680 capite
273 3616 406 3664 Petro
425 3651 437 3671 ,
469 3631 522 3663 ac
551 3624 703 3679 postea
738 3614 956 3665 Romanis
988 3613 1107 3663 Pon-

1172 2381 1374 2430 tificibus
1405 2418 1418 2441 ‚
1469 2400 1713 2448 nunquam
1765 2383 2031 2446 interrupta,
2077 2382 2191 2429 serie

1173 2463 1506 2529 Episcoporum
1518 2464 1603 2512 sibi
1613 2466 1811 2512 invicem
1827 2463 2188 2521 succedentium,

1176 2564 1354 2611 semper
1407 2546 1531 2594 idem
1586 2549 1730 2609 viguit
1776 2557 1822 2594 et
1867 2555 1975 2593 est..
2000 2544 2193 2592 Vivente

1177 2631 1332 2677 adhuc
1363 2629 1415 2676 S.
1434 2628 1614 2677 Joanne
1637 2628 1672 2675 A
1679 2628 1854 2692 postolo
1869 2661 1884 2686 ,
1910 2644 1992 2691 per
2009 2628 2193 2674 univer-

1179 2729 1277 2759 sam
1306 2722 1479 2760 ‚terram
1526 2710 1728 2757 fundatae
1771 2718 1899 2756 erant
1939 2707 2194 2771 singulares

1182 2793 1410 2841 Ecclesiae.
1448 2791 1566 2839 Cum
1596 2791 1763 2839 defecit
1786 2790 1975 2837 ultimus
2002 2788 2192 2853 Episco-

1184 2892 1346 2939 porum
1367 2910 1381 2936 ‚
1407 2875 1488 2938 qui
1517 2889 1626 2921 cum
1650 2871 1877 2936 Apostolis
1901 2881 2193 2919 conversatus

1184 2966 1306 3014 erat,
1338 2956 1471 3018 longe
1510 2953 1661 3018 plures
1689 2954 1767 3002 alii
1794 2954 1978 3002 fuerunt
1997 2990 2011 3011 ‚
2057 2963 2103 3001 et
2130 2954 2194 3000 ita

1186 3037 1398 3102 deinceps
1410 3044 1431 3099 ’ς
1459 3036 1580 3084 disiit
1610 3038 1735 3084 enim
1763 3038 1987 3084 successio
2005 3034 2195 3099 Episco-

1187 3136 1354 3184 porum
1381 3118 1746 3183 Apostolicorum
1775 3121 1826 3165 in
1856 3115 1902 3165 S.
1927 3117 2194 3183 Polycarpo,

1186 3199 1238 3250 S.
1265 3200 1457 3249 Joannis
1494 3200 1784 3265 Evangelistae
1828 3199 2083 3264 discipulo,
2117 3204 2196 3263 qui

1188 3285 1462 3350 martyrium
1504 3282 1644 3330 subiit
1683 3281 1769 3330 sub
1813 3281 1969 3329 Marco
2012 3279 2197 3328 Aurelio

1188 3365 1439 3412 Antonino,
1475 3364 1558 3412 His
1589 3365 1682 3412 fere
1718 3363 2004 3428 temporibus
2032 3362 2198 3407 florue-

1189 3458 1298 3494 runt
1314 3445 1596 3510 Hegesippus
1616 3455 1661 3494 et
1679 3445 1896 3528 Irenaeus,
1920 3427 2001 3508 ‹jui
2028 3442 2199 3488 mortui

1191 3538 1299 3577 sunt
1320 3531 1573 3591 imperante
1590 3527 1863 3576 Commode.
1887 3523 2000 3572 Vid.
2022 3522 2195 3571 Euseb.

1189 3610 1250 3658 H
1249 3610 1326 3659 ist.
1346 3608 1395 3656 Ε
1398 3609 1532 3659 ecles.
1548 3607 1638 3659 lib.
1657 3626 1711 3669 11,
1730 3626 1773 3659 c.
1794 3607 1877 3667 23,
1890 3602 2197 3655 edit.Valesii.
