2554 4140
2065 157 2141 215 99

408 191 528 229 CAP.
576 189 664 224 111.
713 186 782 223 lm
823 184 950 222 ΝΟΤ.
999 181 1114 219 mv.
1161 181 1231 217 AG
1274 177 1578 218 SUPERNAT.
1631 177 1762 215 REV-

34 346 224 395 trans.
257 330 703 391 Transmisimus
733 344 908 408 porro
949 320 1143 380 omnia
1186 320 1335 378 facta
1364 321 1473 378 ista
1521 340 1591 379 ex
1627 329 1793 401 parte
1835 318 2104 380 historica
2126 367 2169 396 ‚⁷

37 430 173 511 quia
198 450 268 486 ex
299 427 522 486 critices
556 421 765 502 regulis
803 415 974 478 valde
1009 425 1224 472 nutant
1261 414 1372 492 (1).
1450 479 1455 483 .
1806 425 1808 427 ’

117 522 260 581 238.
291 520 380 581 Ad
403 521 510 593 5¹¹²,
535 520 691 578 Dist.
721 510 1096 592 Prophetiam
1121 507 1238 566 late
1255 519 1534 582 sumtam,
1560 529 1750 576 conc.,·
1773 510 1972 571 stricte
1995 534 2150 572 sum-

40 629 162 677 tam
185 662 201 692 .,
239 638 368 695 neq.
417 618 501 673 De
535 611 644 669 hac
683 627 858 689 porro
901 624 1006 662 nos
1046 602 1378 684 loquimur3
1425 612 1485 660 et
1538 601 1617 660 sic
1654 607 1954 684 responsio
1991 618 2153 690 patet

41 711 118 771 ad
146 733 210 771 ea
243 729 368 791 quae
403 708 469 766 60
489 750 505 780 ,
538 704 606 764 70
635 712 694 760 et
728 700 796 759 8⁰
831 697 1054 776 objecta
1090 708 1262 771 sunt,
1302 716 1482 777 quare
1514 716 1637 754 non
1666 717 1812 777 opus
1847 711 1934 758 est
1963 713 2029 760 ut
2054 701 2155 762 illa

43 807 369 887 singulatim
396 802 470 862 ad
491 800 776 860 trutinam
809 815 1147 855 revocemus
1180 792 1288 873 (2).

125 901 264 960 239.
289 902 433 957 Inst.
460 892 713 955 secundo
727 912 860 951 cum
873 892 1186 950 Rousseau.
1215 887 1294 947 Ut
1309 908 1378 946 ex
1394 886 1716 970 prophetiis
1734 895 1962 946 certum
1984 909 2158 969 argu—

46 1006 310 1057 mentum
345 991 470 1052 erui
497 990 679 1072 possit
715 986 788 1047 de
817 985 1016 1045 divina
1050 984 1410 1044 revelatione
1432 1028 1447 1056 ,
1482 983 1593 1041 tria
1618 981 1743 1042 haec
1766 996 2117 1043 concurrant
2136 1030 2153 1060 ‚

49 1109 278 1151 necesse
308 1097 426 1160 est3
474 1086 537 1145 10
574 1094 640 1143 ut
678 1105 784 1141 nos
825 1092 998 1141 testes
1038 1081 1219 1139 simus
1246 1078 1601 1161 prophetiae,
1640 1098 1773 1136 cum
1810 1077 2005 1137 editur
2030 1124 2046 1154 .,
2084 1101 2161 1140 ne

45 1205 153 1266 per
180 1204 347 1245 vanav
374 1183 651 1262 figmenta
697 1178 1091 1260 decipiamur3
1134 1176 1202 1234 20
1241 1196 1350 1234 nec
1386 1174 1713 1258 prophetiae
1749 1183 2014 1250 tantum,
2056 1174 2160 1235 sed

117 1372 183 1436 (l)
219 1369 356 1418 ConS.
399 1368 527 1416 Huet
544 1404 557 1427 ,
607 1365 856 1414 Demonst.
900 1380 1068 1428 evanq.

51 1470 181 1517 prop.
197 1469 264 1512 rx,
289 1468 389 1515 cap.
412 1447 504 1497 136
523 1465 536 1511 ;
553 1446 709 1512 Serry,
726 1444 778 1493 E
778 1446 946 1494 mercit.
969 1443 1030 1509 57
1053 1480 1067 1503 ,

52 1553 103 1583 n.
136 1548 255 1593 v1113
285 1530 481 1579 Vossius
503 1566 517 1590 ‚
553 1528 633 1577 De
658 1526 853 1591 theoloq.
872 1533 1001 1591 qent.
1030 1535 1074 1574 et

45 1612 409 1681 physio-christ.
424 1611 510 1659 lib.
535 1626 599 1658 vn
617 1646 630 1669 ,
648 1627 744 1674 cap.
765 1610 794 1658 3
811 1646 824 1668 ‚
859 1609 941 1656 ubi
966 1612 1071 1655 vin-

60 1697 182 1745 dicat
233 1695 468 1743 historiam
507 1693 631 1740 hanc
680 1691 911 1738 Plutarchi
931 1707 963 1758 ;·
994 1689 1074 1737 sed

58 1778 245 1843 exponit
271 1776 343 1825 vel
358 1776 416 1824 de
441 1773 666 1822 daemonis
697 1771 826 1820 clade
858 1771 981 1818 illata
995 1787 1074 1834 per

62 1859 297 1909 Christum
317 1893 331 1916 ,
364 1856 440 1905 vel
460 1856 518 1903 de
538 1864 685 1902 morte
719 1854 864 1917 ipsius
883 1851 1075 1899 Christi.

63 1941 203 1990 Cons.
238 1956 344 2003 opp.
372 1948 489 1985 tom.
526 1954 587 1995 v,
626 1934 883 1983 Amstelod.
927 1920 1073 1998 1706.

135 2022 203 2085 (2)
238 2017 493 2069 Consul.S.
512 2018 683 2066 Thom.
713 2033 763 2066 2.
797 2032 847 2064 2.
872 2034 923 2081 q.
952 2030 1042 2081 172
1063 2051 1076 2074 ,

69 2115 159 2154 art.
183 2120 198 2151 1
215 2140 228 2163 ‚
245 2103 327 2151 ubi
346 2105 479 2150 citata
494 2100 684 2149 Petrum
699 2100 820 2147 dicta
842 2097 1078 2162 explanat,

65 2187 220 2235 dicens
253 2203 266 2233 ε
300 2183 441 2248 Quod
459 2181 740 2249 prophetica
762 2180 1082 2245 proecoqnitio

55 2275 212 2333 potest
230 2282 327 2314 esse
362 2264 418 2313 de
436 2264 623 2329 futuris
655 2261 915 2327 dupliciter
936 2282 954 2319 ;
984 2276 1083 2308 uno

65 2349 200 2397 modo
225 2345 486 2395 secundum
515 2344 640 2410 quod
659 2351 774 2391 sunt
806 2345 862 2391 in
882 2343 1083 2407 seipsis;

67 2430 163 2479 alio
176 2428 312 2478 modo
334 2466 347 2490 ‚
368 2427 628 2476 secundum
643 2425 768 2491 quod
785 2435 898 2473 sunt
913 2426 969 2472 in
982 2426 1086 2472 suis

66 2515 239 2561 causis.
276 2511 659 2574 Proecoqnoscere
685 2516 849 2556 autem
869 2507 1043 2572 futura
1069 2543 1082 2566 ‚

70 2593 334 2643 secundum
363 2592 490 2657 quod
525 2599 637 2638 sunt
677 2591 732 2638 in
770 2590 974 2654 seipsis,
1017 2596 1086 2635 est

65 2677 323 2742 proprium
383 2673 547 2722 divini
588 2670 850 2719 intellectus
872 2708 885 2728 ‚
948 2672 1087 2736 cujus

73 2757 334 2805 ‹eternitati
365 2764 480 2802 sunt
522 2754 690 2801 omnia
718 2753 1012 2817 praesentia,
1043 2747 1108 2799 et*

74 2838 180 2886 ideo
211 2837 321 2886 talis
342 2836 655 2902 proecoqnitio
685 2834 963 2898 futurorum
991 2848 1089 2879 non

68 2927 224 2986 potest
266 2935 366 2966 esse
410 2934 439 2964 a
473 2925 648 2964 natura
675 2953 689 2977 ,
734 2914 815 2962 sed
848 2913 998 2962 solum
1031 2929 1089 2961 ea'

78 2999 361 3048 revelatione
377 2998 565 3046 divina.
583 2997 777 3044 Futura
795 3012 903 3043 vero
915 2997 972 3042 in
986 2995 1091 3042 suis

82 3083 244 3129 causis
277 3088 479 3145 possunt
504 3080 830 3145 proecoqnosci
876 3075 1095 3125 naturali

84 3162 352 3225 coquitione
375 3163 517 3208 etiam
531 3160 590 3207 ab
606 3159 811 3208 homine.
838 3156 879 3205 S
882 3159 981 3205 icut
993 3175 1093 3205 me-

88 3242 226 3290 dicus
250 3243 590 3306 proecoqnoscit
615 3243 867 3289 sanitatem
886 3239 960 3287 vel
978 3256 1095 3287 mor-

87 3331 180 3372 tem
202 3323 421 3387 futuram
439 3323 494 3370 in
509 3322 748 3387 aliquibus
770 3324 947 3379 causis,
971 3337 1094 3384 qua-

83 3422 192 3452 rum
218 3405 433 3453 ordinem
461 3404 525 3451 ad
549 3405 661 3453 tales
691 3406 881 3472 effectus
908 3404 1097 3469 experi-

83 3495 237 3534 mento
260 3487 610 3552 proecoqnovit.
631 3485 734 3552 Quo
766 3488 912 3551 posito
933 3485 1099 3533 funda-

88 3575 247 3617 mento
262 3606 274 3628 ‚
296 3569 421 3634 quod
438 3571 488 3615 in
503 3585 688 3632 corpore
702 3568 879 3616 articuli
897 3567 1063 3616 evolvit
1084 3605 1096 3625 ‚

91 3651 149 3697 ad
172 3651 372 3715 objectas
385 3650 471 3697 sibi
495 3649 544 3697 S.
585 3649 830 3716 Augustini
845 3660 888 3697 et
904 3648 955 3697 S.
981 3647 1098 3696 Gre-

1147 1366 1260 1428 gorii
1312 1363 1378 1411 M.
1414 1365 1707 1413 auctoritates
1750 1367 1814 1414 ita
1867 1367 2113 1432 respondet
2147 1385 2161 1415 τ

1149 1443 1430 1502 Dicendum
1455 1444 1581 1509 quod
1604 1446 1774 1494 anima
1792 1484 1806 1506 ‚
1832 1447 2027 1511 quando
2061 1448 2168 1496 abs-

1148 1526 1364 1574 trahitur
1376 1543 1406 1574 a
1420 1525 1763 1592 corporalibus,
1780 1531 1941 1595 aptior
1951 1529 2170 1578 redditur

1149 1608 1214 1656 ad
1232 1609 1603 1674 percipiendum
1647 1609 1888 1673 influxum
1935 1612 2170 1676 spiritua—

1150 1689 1271 1737 lium
1305 1690 1688 1741 substantiarum
1704 1726 1721 1752 ,
1755 1700 1801 1738 et
1825 1693 1969 1740 etiam
1986 1693 2050 1740 ad
2051 1711 2169 1760 per-

1150 1770 1428 1836 cipz'endum
1452 1769 1644 1818 subtiles
1675 1781 1858 1834 motus,
1886 1775 1975 1838 qui
2002 1790 2060 1821 ex
2078 1776 2175 1822 im-

1144 1851 1480 1917 pressionibus
1507 1851 1814 1901 naturalium
1843 1870 2101 1902 causarum
2119 1857 2174 1902 in

1157 1934 1506 1997 imaqinatione
1546 1932 1762 1982 bumana
1800 1935 2142 2001 relinquuntur
2158 1974 2171 1997 ‚

1155 2032 1187 2063 a
1215 2014 1388 2079 quibus
1412 2015 1745 2080 percipiendis
1770 2018 1940 2065 anima
1968 2017 2175 2083 impedi-

1157 2105 1239 2144 tur
1254 2133 1267 2156 ,
1287 2112 1397 2144 cum
1422 2096 1578 2160 fuerit
1603 2098 1736 2145 circa
1762 2098 2016 2146 sensibilia
2031 2116 2175 2147 occu-

1149 2186 1286 2243 pata.
1332 2177 1404 2225 Et
1448 2178 1555 2226 ideo
1593 2176 1853 2243 Gregorius
1899 2180 2022 2228 dicit
2053 2181 2180 2246 quod

1160 2262 1331 2308 anima
1360 2260 1552 2324 quando
1582 2263 1939 2327 appropinquat
1957 2262 2021 2311 ad
2050 2280 2178 2311 mor-

1160 2349 1252 2389 tem
1275 2379 1288 2401 ‚
1335 2343 1684 2406 praecoqnoscit
1733 2343 1957 2406 quoedam
2004 2344 2180 2409 futura

1160 2422 1419 2471 subtilitate
1450 2440 1551 2470 suae
1571 2431 1759 2471 naturae
1777 2459 1794 2484 ‚
1819 2433 1969 2490 prout
1990 2425 2174 2475 scilicet

1153 2507 1369 2571 percipit
1391 2506 1540 2552 etiam
1568 2505 1782 2553 modicas
1812 2508 2147 2572 impressiones
2161 2527 2181 2570 ‚-

1162 2596 1248 2634 aut
1261 2589 1409 2635 etiam
1433 2589 1670 2651 coqnoscit
1697 2587 1871 2652 futura
1899 2588 2184 2637 revelatione

1161 2667 1382 2732 anqelica
1399 2706 1413 2727 ‚
1451 2685 1551 2716 non
1571 2677 1730 2716 autem
1742 2671 1947 2734 propria
1973 2671 2174 2734 virtute3

1164 2752 1280 2816 quia
1301 2787 1314 2808 ‚
1334 2759 1387 2797 ut
1409 2746 1468 2798 S.
1504 2749 1814 2814 Anqustinus
1838 2749 1960 2798 dicit
1982 2751 2068 2801 lib.
2097 2769 2182 2812 ιιι,

1165 2849 1265 2898 cap.
1282 2832 1357 2891 13,
1374 2829 1736 2896 SuperGen.ad
1750 2830 1820 2879 lit.
1836 2851 1852 2878 .·
1869 2832 1930 2880 Si
1945 2832 2030 2880 boc
2047 2842 2182 2894 esset,

1166 2922 1281 2962 tunc
1324 2911 1516 2961 haberet
1537 2951 1550 2973 ‚
1600 2913 1979 2979 quandocunque
2020 2915 2179 2976 vellet,

1166 2997 1223 3043 in
1237 3012 1327 3042 sua
1340 3002 1570 3061 potestate
1588 2995 1764 3059 sutura
1781 3013 2183 3062 praecoqnoscere,

1166 3076 1293 3142 quod
1317 3085 1454 3143 patet
1487 3094 1583 3124 esse
1619 3076 1822 3141 falsum.
1850 3077 1957 3127 Haec
1997 3081 2188 3145 quidem

1169 3160 1398 3207 voluimus
1415 3177 1492 3224 per
1509 3169 1745 3208 extensum
1761 3160 1949 3219 referre,
1969 3171 2020 3208 ut
2033 3172 2182 3226 pateat

1174 3258 1200 3290 a
1213 3238 1465 3290 S.Doctore
1476 3253 1793 3306 praeoccupata
1805 3245 1901 3308 jam
1916 3242 2187 3309 fuisse‚quae

1176 3335 1332 3389 postea
1346 3325 1633 3388 magnetismi
1649 3325 1860 3373 animalis
1873 3330 2188 3389 patronicom-

1179 3407 1322 3453 menti
1336 3415 1443 3452 sunt
1458 3405 1692 3471 loquendo
1704 3406 1762 3455 de
1775 3407 2188 3455 somnambulismo

1180 3504 1206 3534 a
1227 3488 1523 3552 magnetismo
1542 3490 1758 3549 excitato,
1777 3488 1833 3536 de
1850 3505 1943 3554 quo
1960 3490 2057 3553 ipso
2075 3490 2189 3537 mira

1180 3569 1400 3618 referunt.
