2554 4140
262 136 266 140 ἱ
346 62 467 120 224
954 81 1023 117 ΒΕ
1065 79 1220 118 vena
1264 79 1385 116 nm..
1430 77 1566 120 Anv.
1617 80 1820 119 nna-1³11.

1152 251 1563 307 PROPOSITIO
1602 253 1700 306 111.

355 435 495 494 Sola
509 435 775 514 proinde
804 434 1080 495 Ecclesia
1127 434 1359 494 Christi
1386 445 1471 493 est
1495 445 1688 493 castos
1710 445 1765 494 et
1794 439 2092 515 interpres
2132 437 2493 516 infallibilis

438 531 668 589 divinae
683 532 1071 590 revelationis
1085 575 1106 603 ,
1130 534 1253 590 sive
1271 535 1407 590 viva
1423 552 1553 591 voce
1560 553 1679 611 per
1693 532 2083 610 traditionem
2102 537 2496 606 transmissoe,

436 631 558 687 sive
584 629 799 688 litteris
833 633 1219 710 consiqnatoe.
2298 635 2301 637 ’

442 845 543 905 39.
594 846 730 904 Haec
755 845 1076 928 propositio
1101 855 1190 903 est
1214 843 1401 903 veluti
1428 845 1797 906 corollarium
1827 849 2249 930 praecedentis3
2280 847 2501 909 etenim

361 942 410 1002 si
451 941 716 1002 Christus
762 964 883 1000 non
920 940 1165 1021 privatis
1205 939 1548 1000 hominibus
1579 987 1596 1016 ,
1650 943 1755 1003 sed
1795 954 2100 1026 pastorum
2143 945 2355 1020 coetui,
2401 966 2504 1004 seu

361 1037 630 1099 Ecclesiae
672 1060 704 1096 a
738 1059 799 1096 se
836 1037 1118 1096 institutae
1166 1058 1383 1094 munus
1418 1035 1709 1116 religionis
1745 1042 2136 1122 propagandae
2172 1053 2232 1101 et
2267 1061 2504 1101 conser-

366 1133 580 1196 vandae
609 1131 991 1192 demandavit
1012 1177 1028 1205 ‚
1070 1132 1117 1190 si
1140 1130 1335 1190 eidem
1358 1130 1673 1214 specialem
1700 1134 1776 1192 ad
1799 1134 1862 1192 id
1889 1158 2106 1196 munus
2136 1138 2246 1197 rite
2277 1135 2506 1197 obeun-

363 1228 508 1288 dum
538 1249 604 1287 ac
636 1238 988 1311 perpetuam
1032 1227 1438 1287 adsistentiam
1475 1228 1746 1310 promisit
1773 1274 1788 1303 ‚
1832 1229 2178 1290 si·veritatis
2221 1232 2507 1313 Spiritum

363 1324 528 1385 dedit
560 1325 625 1383 in
669 1335 956 1384 aeternum
997 1345 1131 1383 cum
1166 1324 1292 1406 ipsa
1331 1346 1710 1392 mansurum,
1753 1325 1802 1384 si
1842 1325 2102 1405 Apostoli
2135 1325 2508 1388 revelationis

366 1421 705 1504 depositum
727 1420 966 1481 delectis
992 1421 1067 1480 ad
1092 1420 1154 1479 id
1183 1419 1608 1481 successoribus
1632 1420 2083 1482 custodiendum
2110 1420 2506 1497 tradiderunt,

315 1584 317 1586 ,
364 1529 433 1576 ut
462 1527 626 1599 patet
652 1539 724 1577 ex
750 1516 863 1576 illis
897 1516 1154 1599 Apostoli
1181 1516 1376 1578 verbis
1398 1567 1414 1596 7
1440 1517 1651 1599 quibus
1675 1518 1755 1577 sic
1777 1517 2152 1578 Timotheum
2175 1564 2189 1594 .,
2223 1540 2255 1577 a
2279 1539 2340 1578 se
2366 1539 2509 1578 con·-

368 1615 644 1674 stitutum
678 1614 942 1675 Ecclesiae
966 1615 1261 1698 ephesinae
1284 1615 1669 1697 Episcopum,
1700 1615 1972 1675 hortatur
2009 1641 2026 1676 :
2057 1617 2303 1697 Bonum
2329 1617 2511 1696 depo*

366 1715 549 1770 situm
597 1712 832 1771 custodi
865 1733 985 1791 per
1036 1713 1348 1792 Spiritum
1393 1713 1692 1771 Sanctum
1717 1758 1732 1787 ‚
1780 1717 1896 1791 qui
1936 1713 2175 1771 habitat
2216 1716 2287 1770 in
2335 1712 2509 1770 nobis

365 1807 388 1888 (
416 1808 465 1866 11
492 1808 643 1866 Tim.
685 1809 709 1867 I
735 1853 750 1883 ‚
797 1807 872 1866 14
895 1809 957 1889 );
996 1808 1093 1868 Tu
1122 1819 1426 1867 assecutas
1447 1830 1504 1867 es
1540 1830 1735 1868 meam
1762 1810 2104 1868 doctrinam
2127 1854 2144 1882 ,
2180 1803 2508 1868 institutio-

367 1926 505 1962 nem
523 1948 547 1977 ,
569 1909 955 1985 propositam
975 1948 996 1976 ,
1027 1905 1307 1984 fidem....
1347 1915 1417 1963 tu
1455 1926 1586 1964 vero
1605 1927 1903 1986 permane
1930 1909 2000 1964 in
2032 1909 2152 1977 iis,
2192 1927 2325 1984 quoe
2353 1905 2515 1962 didi·

369 2003 543 2073 cisti,
583 2013 638 2060 et
671 2003 905 2061 credita
935 2012 1082 2061 sant
1108 2003 1262 2076 til>i3
1291 2006 1483 2061 sciens
1513 2025 1553 2061 a
1580 2024 1696 2082 quo
1723 2003 2051 2070 didiceris3
2098 2002 2243 2081 Qaoe
2277 2001 2517 2060 audisti

369 2119 409 2154 a
441 2118 526 2155 me
538 2119 658 2177 per
679 2099 897 2157 multos
927 2108 1125 2170 testes,
1157 2098 1282 2157 hoec
1304 2099 1656 2157 commenda
1669 2100 1952 2177 fidelihus
1981 2098 2334 2157 hominibus
2347 2141 2371 2168 ,
2403 2099 2516 2175 qui

369 2194 580 2251 idonei
603 2204 789 2252 erunt
813 2204 869 2252 et
894 2198 1043 2252 alios
1071 2195 1272 2253 docere
1300 2195 1323 2273 (
1348 2195 1399 2253 II
1428 2195 1576 2253 Tim.
1609 2197 1661 2252 II
1683 2240 1699 2268 ,
1739 2196 1781 2252 2
1802 2197 1860 2275 );
1901 2215 1965 2253 ac
2001 2215 2238 2252 rursum
2269 2216 2282 2250 :
2320 2194 2371 2252 O
2405 2192 2514 2251 Ti-

371 2289 596 2347 mothee
611 2332 634 2361 ,
672 2290 1008 2368 depositam
1033 2291 1297 2366 custodi,
1332 2291 1607 2349 devitans
1622 2293 1929 2370 profanas
1953 2311 2159 2349 vocam
2190 2292 2512 2359 novitates,

371 2396 428 2443 et
458 2389 853 2464 oppositiones
883 2387 1039 2464 falsi
1077 2388 1345 2444 nominis
1380 2391 1684 2459 scientiae,
1731 2407 1916 2465 quam
1961 2386 2219 2465 quidam
2245 2387 2513 2464 promit-

374 2491 590 2555 tentes,
630 2483 802 2539 circa
832 2481 1014 2560 fidem
1046 2481 1489 2564 eoeciderunt(l
1527 2482 1677 2540 Tim.
1729 2482 1800 2540 VI
1829 2526 1845 2556 .,
1883 2480 1963 2539 20
2004 2492 2064 2540 et
2105 2481 2257 2559 21).
2295 2479 2514 2538 Eadem

373 2576 628 2636 inculcat
666 2577 796 2636 Tito
829 2578 1117 2661 Episcopo
1158 2579 1407 2638 cretensi
1439 2577 1536 2636 alii
1582 2600 1685 2637 suo
1733 2576 2035 2660 discipula
2085 2579 2168 2636 Ex
2208 2576 2298 2635 his
2336 2575 2513 2658 plane

375 2673 784 2756 consequitur,
814 2673 1000 2733 solam
1022 2674 1174 2734 hanc
1194 2674 1504 2735 Ecclesiam
1527 2674 1832 2734 custodem
1849 2685 1909 2735 et
1932 2670 2513 2757 interpreteminfal-

376 2919 593 2983 praeclare
619 2923 775 2987 inquit
791 2920 844 2972 S.
868 2921 1062 2988 August.
1088 2922 1167 2971 De
1183 2923 1398 2972 moribus
1479 2923 1610 2988 quod
1644 2922 1904 2972 revelatum
1922 2923 1961 2986 f
1976 2923 2104 2970 uerit
2118 2928 2515 2987 permanetur....

377 3000 615 3050 Eccleeioe
637 3040 651 3064 ,
682 3004 769 3053 lib.
795 3022 810 3052 1
833 3042 846 3065 ‚
875 3022 918 3053 c.
967 3022 1023 3072 17
1047 3042 1060 3065 ‚
1087 3022 1139 3055 n.
1162 3007 1220 3055 31
1250 3042 1263 3064 ‚
1296 3006 1360 3054 32
1383 3042 1395 3066 ‚
1491 3006 1540 3055 Ο
1564 3008 1755 3055 utinam
1762 3007 1970 3071 possetis
1987 3004 2249 3070 intelliqere
2262 3021 2371 3069 qaoe
2387 3003 2517 3052 dicta

377 3100 478 3132 non
504 3087 614 3134 totis
631 3088 791 3135 animi
807 3089 997 3137 viribus
1009 3091 1399 3155 concupiscatur,
1486 3099 1619 3138 sant.
1656 3087 1918 3151 Confestim
1936 3088 2207 3153 abjiceretis
2237 3103 2399 3135 omnes
2418 3088 2502 3133 in-

378 3168 596 3215 inveniri
625 3168 759 3217 nullo
782 3178 928 3236 pacto
946 3179 1122 3237 potest.
1156 3171 1228 3219 At
1261 3174 1308 3220 si
1334 3174 1403 3221 ita
1488 3173 1645 3239 eptias
1661 3169 1979 3236 fabellarum,
2001 3178 2047 3217 et
2069 3171 2365 3220 vanissimas
2391 3171 2517 3218 ima-

378 3257 659 3313 quceratur‚
687 3261 742 3298 ut
772 3252 975 3315 diqnum
1007 3262 1103 3311 est,
1126 3253 1404 3303 subtrahere
1487 3256 1624 3319 qines
1662 3269 1915 3319 corporum
1935 3291 1948 3313 ‚
1987 3263 2196 3320 totosque
2230 3271 2311 3303 vos
2337 3266 2515 3316 maqna

380 3347 429 3379 se
453 3348 502 3378 se
532 3339 674 3397 atque
699 3333 984 3384 abscondere
1010 3354 1041 3385 a
1073 3338 1179 3385 suis
1207 3336 1406 3386 dilecto·
1490 3336 1738 3386 alacritate
1757 3373 1770 3395 ‚
1796 3337 1982 3386 sincero
2006 3355 2167 3386 amore
2183 3376 2194 3398 ,
2227 3335 2513 3402 firmissima

378 3413 519 3462 ribus
555 3430 656 3466 non
703 3424 913 3481 potest...
967 3417 1147 3467 Amore
1182 3421 1371 3485 petitur
1392 3459 1404 3482 ‚
1486 3420 1584 3485 fide
1607 3421 1897 3468 sanctissimo
1912 3420 2127 3472 Ecclesiae
2143 3420 2379 3471 catholicae
2403 3433 2512 3482 gre-

381 3512 542 3544 amore
594 3499 833 3561 quaeritur
852 3535 866 3559 ,
933 3515 1095 3548 amore
1143 3500 1374 3567 pulsatur
1394 3539 1407 3561 ,
1494 3504 1588 3552 mio
1611 3502 1894 3552 conderetis-

381 3595 544 3629 amore
572 3579 840 3646 revelatur,
860 3597 1022 3632 amore
1053 3583 1261 3650 denique
1278 3587 1335 3634 in
1359 3601 1413 3634 eo
