2554 4140
299 81 415 143 184
954 101 1022 136 nn
1065 99 1217 139 vana
1259 101 1386 138 am..
1435 100 1569 139 Anv.
1614 102 1767 141 mon.

381 244 524 304 415.
572 244 641 301 20
677 241 851 319 Quod
897 253 1122 324 spectat
1159 240 1234 301 ad
1270 242 1588 325 supplicia,
1627 256 1799 303 erant
1825 245 1926 305 illa
1955 249 2428 330 exquisitissima.

300 342 460 401 Nero
490 336 854 398 Christianos
880 339 1008 420 pice
1042 359 1108 398 ac
1146 339 1338 398 resina
1373 338 1638 421 perfusos
1665 351 1952 422 tanquam
1976 343 2127 403 faces
2157 358 2333 406 noctu
2361 344 2437 406 ad

298 434 766 494 illuminandum
791 434 1080 495 inservire
1100 435 1270 512 jussit
1292 481 1307 510 7
1333 447 1484 494 teste
1511 437 1708 524 Tacito
1734 435 1844 517 (l).
1871 439 2150 501 Praesides
2177 461 2284 522 per
2309 463 2438 523 pro·

300 530 519 592 vincias
536 530 899 591 invenerunt
916 542 1113 589 tauros
1135 552 1328 590 aeneos
1347 529 1668 591 candentes
1686 578 1701 609 ‚
1729 534 1945 609 ferreas
1961 534 2210 594 laminas
2228 581 2243 612 ,
2262 535 2438 611 facee,

301 637 635 700 sarmenta,
679 628 940 708 pectines
982 627 1234 704 ferreOS,
1278 628 1556 708 equuleos
1582 674 1597 703 ,
1648 629 1933 712 forcipeS‚
1980 643 2245 691 rotarum
2285 633 2445 692 varia

302 744 552 803 genera,
585 722 889 782 torcularia
911 769 926 797 a
968 744 1182 783 nervos
1205 768 1220 796 ,
1261 725 1495 798 οτυοεε,
1539 726 1854 807 compedes
1877 773 1893 800 .,
1936 727 2215 808 ungulas,
2245 727 2445 809 plum-

301 816 442 877 bata
462 864 478 894 ,
524 840 737 894 υῃοοε,
776 817 1000 878 lebetes
1021 863 1037 892 ,
1071 818 1426 896 sartagines,
1458 821 1762 880 craticulas
1787 867 1802 896 7
1846 822 2073 905 aliaque
2101 824 2443 897 innumera,

305 914 379 973 de
423 914 635 996 quibus
678 915 804 973 fuse
847 913 1138 995 docteque
1195 913 1313 992 egit
1368 913 1671 975 Gallonius
1713 917 1825 999 (2).
1872 920 2095 1000 Cuique
2139 920 2298 978 enim
2340 939 2447 1000 pro

306 1009 550 1072 arbitrio
590 1022 650 1070 et
680 1011 807 1069 sine
843 1009 969 1089 lege
1003 1009 1207 1068 saevire
1246 1030 1313 1068 ac
1356 1020 1635 1090 torquere
1671 1012 1755 1071 fas
1809 1025 1970 1087 erat,
2024 1026 2083 1073 et
2129 1014 2227 1072 ille
2269 1014 2451 1094 gratia

303 1106 626 1190 praestabat
645 1152 661 1178 7
697 1106 798 1187 qui
819 1116 1042 1164 ceteros
1060 1103 1410 1164 crudelitate
1432 1106 1716 1166 vinceret.
1746 1107 1946 1170 Edicta
1976 1111 2134 1170 enim
2161 1109 2452 1190 generalia

307 1216 515 1278 erant,
554 1201 767 1285 quibus
808 1200 1293 1284 praecipiebatur,
1334 1213 1401 1260 ut
1437 1201 1754 1262 Christiani
1792 1225 1824 1262 a
1864 1227 1969 1264 suo
2011 1207 2284 1265 instituto
2329 1216 2452 1264 ior-

305 1304 524 1358 mentis
573 1298 1021 1358 retraherentur
1066 1320 1133 1357 ac
1171 1299 1555 1358 vincerentur
1593 1298 1724 1379 (3);
1771 1321 1844 1359 ex
1887 1299 2070 1360 altera
2105 1322 2245 1361 vero
2284 1311 2453 1382 parte

307 1394 797 1479 proponebantur
833 1396 1114 1477 apostatis
1152 1394 1405 1471 deliciae,
1446 1396 1815 1477 voluptateS,
1858 1395 2148 1471 honoreS.,
2185 1395 2403 1478 praedia
2431 1440 2451 1472 3

309 1491 621 1572 dignitates
642 1538 658 1567 ‚
706 1491 1082 1573 Imperatoris
1112 1491 1295 1571 gratia
1330 1513 1394 1550 ac
1423 1491 1619 1569 favor,
1652 1491 1889 1574 publica
1934 1493 2140 1553 officia.

393 1587 532 1648 416.
580 1588 647 1647 30
674 1588 990 1647 Christiani
1014 1599 1218 1647 tamen
1247 1588 1577 1663 innumeri„
1609 1592 2026 1672 cujuscumque
2067 1589 2449 1664 conditionis,

310 1686 498 1745 aetatis
531 1708 598 1745 ac
629 1707 800 1744 sexus
828 1731 843 1761 a
883 1684 1151 1759 delicati,
1189 1683 1419 1744 nobiles
1449 1731 1465 1760 ,
1516 1686 1707 1760 servi,
1753 1707 1921 1746 senes
1961 1709 2027 1747 ac
2067 1685 2348 1768 decrepiti
2392 1695 2452 1743 et

309 1782 564 1860 infirmi,
599 1781 828 1862 fragiles
859 1782 1147 1858 foeminae,
1175 1780 1377 1863 pavidi
1401 1782 1570 1863 pueri
1602 1794 1779 1864 atque
1809 1782 2020 1865 puellae
2044 1784 2108 1842 in
2138 1794 2261 1841 toto
2285 1828 2300 1856 .,
2336 1803 2451 1864 qua

311 1889 478 1961 patet
501 1925 516 1955 ‚
567 1890 863 1938 terrarum
900 1877 1074 1951 orbe,
1119 1876 1255 1936 data
1293 1879 1533 1960 optione
1555 1922 1572 1951 ‚
1609 1879 1894 1962 supplicia
1935 1880 2128 1961 potius
2161 1877 2454 1958 eligebant

312 1996 379 2035 ac
412 1997 597 2036 saevos
636 1996 900 2058 quosque
934 1975 1223 2034 cruciatus
1259 1995 1326 2034 ea
1357 1973 1704 2035 fortitudine
1744 1986 1803 2035 et
1839 1975 2175 2050 alacritate,
2206 1986 2274 2033 ut
2310 1974 2454 2034 reti-

313 2073 444 2148 neri
475 2071 793 2153 aliquando
829 2072 926 2132 vix
949 2082 1189 2153 possent
1210 2116 1225 2145 7
1254 2071 1566 2151 quominus
1592 2072 1704 2152 ipsi
1736 2093 1796 2131 se
1827 2084 2038 2153 sponte
2070 2071 2145 2130 ad
2173 2071 2455 2129 immania

314 2188 562 2249 quaeque
598 2167 915 2241 offerrent⁸>
956 2172 1182 2246 quippe
1219 2172 1492 2224 certatim
1528 2168 1796 2246 yloriosa
1830 2172 1901 2226 in
1942 2172 2283 2226 certamina
2323 2186 2455 2223 rue-

296 2265 506 2323 batur
527 2308 547 2338 ,
596 2263 796 2323 scribit
828 2263 1114 2345 Sulpicius
1166 2262 1255 2342 (4)
1277 2308 1292 2337 .,
1344 2263 1645 2342 multoque
1677 2265 1926 2322 avidius
1966 2275 2114 2322 tunc
2146 2266 2456 2341 martyria

310 2365 587 2443 ylorz'osz's
616 2362 911 2420 mortibus
930 2360 1400 2440 quaerebantur,
1427 2381 1615 2438 quam
1632 2381 1798 2418 nunc
1813 2361 2220 2439 Episcopatus
2239 2360 2459 2438 pravis

317 2459 763 2518 ambitionibus
777 2467 1190 2538 appetunt·ur;
1213 2464 1272 2515 et
1286 2457 1438 2514 dum
1457 2457 1716 2515 latrones
1727 2500 1749 2528 ,
1779 2455 1979 2515 subdit
1995 2456 2325 2515 Lactantius
2341 2454 2456 2536 (5),

317 2649 432 2689 sert.
451 2657 500 2689 xi
527 2639 892 2706 Cypriam‘ca),
915 2635 1158 2687 contendit
1177 2654 1347 2702 paucos
1433 2638 1561 2701 prius
1585 2640 1685 2703 jam
1717 2637 1926 2686 ediderat
1966 2636 2184 2685 eumdem
2214 2645 2459 2684 tractatum

321 2732 557 2792 martyres
584 2721 807 2772 extitisse.
846 2721 985 2770 Hunc
1015 2721 1198 2786 sequuti
1235 2728 1343 2767 sunt
1432 2719 1591 2785 lingua
1609 2719 1784 2780 italica,
1815 2719 2035 2768 Trattato
2051 2717 2177 2783 deqli
2191 2717 2459 2766 iser-omenti

319 2804 508 2855 Gibbon
535 2806 708 2873 aliique
734 2806 806 2854 vel
832 2803 1062 2853 increduli
1082 2801 1348 2851 velProtes-
1430 2801 1486 2848 di
1505 2804 1728 2850 martirio
1747 2837 1761 2864 ‚
1793 2812 1881 2850 etc.

318 2900 468 2939 tantes
490 2927 502 2950 ,
537 2893 755 2955 quicum
791 2887 1200 2938 animadverterint
1219 2904 1345 2951 mag·
1501 2885 1563 2950 (3)
1602 2886 1747 2934 Cons.
1797 2884 1927 2933 Lact.
1972 2883 2053 2932 De
2094 2891 2241 2932 morte
2273 2898 2457 2948 perseo.

318 2992 431 3022 nam
466 2973 691 3038 gloriam,
725 2990 829 3040 quae
875 2973 1076 3022 ecclesiae
1107 2974 1346 3021 catholicae
1432 2986 1476 3019 c.
1528 2968 1586 3015 13
1621 2979 1666 3017 et
1706 2986 1857 3034 seqq„
1896 2985 1984 3016 nec
2029 2985 2127 3016 non
2169 2966 2344 3015 Euseb.
2381 2965 2462 3014 De

321 3057 514 3107 obvenit
553 3074 608 3104 ex
639 3066 703 3104 tot
744 3067 999 3122 martyrum
1037 3056 1308 3104 fortitudine
1329 3093 1343 3117 ,
1431 3050 1746 3116 martyribus
1764 3049 2077 3099 Palaestinae.

322 3141 583 3189 moliuntur
598 3139 785 3187 illorum
805 3157 1056 3189 numerum
1070 3145 1343 3202 extenuare3
1500 3135 1567 3198 (lo)
1607 3136 1720 3183 Sao.
1743 3133 1857 3182 hist.
1885 3133 1970 3182 lib.
1999 3150 2048 3182 n.
2067 3133 2306 3199 Epictetus
2336 3132 2463 3198 apud

323 3235 392 3274 ast
426 3227 554 3272 irrito
580 3234 770 3272 conatu.
1431 3218 1657 3266 Arianum
1690 3217 1776 3265 lib.
1807 3234 1873 3274 lv,
1897 3234 1937 3265 c.
1967 3232 1993 3283 7
2020 3254 2033 3277 ‚
2066 3234 2144 3265 eos
2177 3216 2463 3281 proponebat

391 3308 455 3372 (l)
495 3306 684 3356 Annal.
727 3307 813 3356 lib.
852 3327 930 3370 xv,
968 3329 1018 3360 n.
1068 3308 1134 3374 44
1165 3348 1178 3372 ,
1232 3309 1342 3358 edit.
1431 3306 1482 3351 in
1512 3298 1780 3365 exemplum
1812 3301 2115 3350 fortitudinis.
2148 3301 2216 3348 M.
2250 3299 2460 3347 Aurelius

322 3392 638 3442 Tam-mensis.
1044 3411 1047 3414 ⁴
1433 3402 1509 3433 eos
1532 3386 1646 3432 vitoe
1666 3384 1897 3449 prodiqos
1928 3384 2135 3432 vocabat.
2168 3383 2307 3431 Cons.
2336 3379 2459 3444 Nog-

389 3473 454 3539 (2)
499 3471 576 3521 De
604 3470 706 3523 SS.
740 3485 1008 3541 »martyrum
1026 3475 1343 3534 cruciatibus,
1431 3468 1541 3516 hera
1570 3467 1621 3514 S.
1650 3466 1692 3514 J.
1720 3467 2014 3531 Rislessioni
2031 3483 2116 3514 sue
2133 3465 2360 3513 caratteri
2388 3462 2463 3510 di-

323 3558 434 3608 Ant·
455 3558 655 3607 Gallonii
675 3597 686 3618 ‚
710 3558 985 3624 Congregat.
1002 3557 1201 3607 Oratorii
1218 3575 1346 3623 pres·
1431 3551 1543 3598 vini
1555 3548 1631 3597 del
1650 3549 2106 3605 Christianessimo‚
2121 3549 2212 3596 rifl.
2231 3564 2284 3595 xx
2302 3555 2347 3594 et
2363 3562 2459 3594 xxi.

320 3642 495 3710 hyteri‚
520 3643 677 3691 Romae
703 3640 851 3709 1594,
871 3639 1019 3705 ixx-4⁰,
1046 3644 1127 3707 qui
1146 3642 1349 3689 triennio
1504 3635 1572 3700 (5)
1614 3632 1724 3682 Dio.
1756 3630 1947 3694 Instit„
1976 3635 2063 3685 lib.
2082 3650 2141 3698 v,
2172 3649 2216 3681 c·
2246 3627 2325 3679 15·
2345 3629 2461 3678 Vid-
