2554 4140
2091 172 2173 234 75

425 196 545 233 CAP.
593 198 678 234 111.
725 197 792 232 DE
835 195 961 233 NOT.
1004 194 1121 235 mv.
1171 195 1241 233 AC
1285 193 1588 233 SUPERNAT.
1632 194 1764 237 REV.

65 334 139 392 ad
174 356 372 395 omnes
408 358 569 397 casus
594 336 874 417 ejusmodi
897 335 1019 396 vim
1047 333 1362 392 extendere
1398 346 1571 416 atque
1605 357 1859 396 asserere
1887 381 1903 410 .,
1944 336 2170 395 ossium

66 431 463 490 contusionem
509 455 562 492 v.
611 455 662 511 g.
713 442 773 490 et
818 429 1128 487 fracturam
1146 470 1163 500 ,
1215 426 1459 487 vulnera
1479 472 1497 500 ,
1549 429 1782 489 morbos
1826 429 2174 490 insanabiles

67 522 185 581 sola
213 524 534 604 phantasiae
567 547 631 603 ac
665 521 1124 601 imaginationiS,
1169 531 1332 579 extra
1374 541 1582 601 corpus
1617 526 1910 603 operantis
1936 571 1953 602 ‚
2000 525 2061 586 vi
2100 524 2176 584 ad

67 616 459 697 integritatem
484 620 707 679 restitui
734 615 943 696 (l).1d
976 615 1023 673 si
1046 626 1227 686 esset,
1256 636 1378 672 non
1411 613 1601 673 solum
1628 617 1903 677 miracula
1932 664 1950 694 ‚
1985 619 2087 679 sed
2116 630 2176 680 et

73 709 459 794 therapeutica
489 724 546 772 et
581 711 864 790 chirurgia
897 731 929 769 e
959 709 1150 769 medio
1188 719 1426 790 possent
1460 709 1622 768 facile
1657 709 1806 768 tolli.

153 807 288 864 192.
336 806 424 867 Ad
457 806 542 865 3¹¹²
562 851 578 879 ,
616 808 769 865 Disc.
799 807 936 878 Quae
964 815 1161 863 tamen
1189 815 1453 885 spectant
1484 803 1559 862 ad
1590 803 1824 878 classeS‚
1855 826 1997 887 quas
2030 828 2177 867 enu-

69 901 416 960 meravimus
433 944 450 975 ,
490 921 673 967 conc.,·
704 921 863 959 secus
887 921 1015 978 neq.
1056 898 1298 979 Collegit
1326 899 1502 957 etiam
1528 898 1873 958 Benedictus
1900 902 2026 958 XIV
2055 902 2174 981 (2),

71 993 210 1072 quin
226 993 363 1052 inde
377 993 594 1076 aliquid
611 995 877 1054 concludi
893 995 1074 1076 possit
1094 994 1169 1052 ad
1182 993 1580 1054 enervandam
1598 994 2012 1053 miraculorum
2029 996 2174 1056 vim.

153 1086 288 1145 193.
337 1088 428 1148 Ad
450 1091 534 1148 4¹1¹
552 1135 569 1163 ,
593 1092 749 1149 Dz'st.
782 1090 887 1150 Cui
909 1089 1050 1149 falso
1073 1101 1132 1149 et
1158 1090 1408 1169 gratuito
1425 1088 1568 1148 tales
1585 1089 1820 1149 effectus
1840 1089 2179 1149 adscribun-

70 1191 164 1238 tur
183 1225 199 1257 ,
236 1203 427 1250 conc.,·
450 1185 720 1244 nonnulli
756 1186 1020 1260 effectus,
1062 1186 1164 1265 qui
1192 1206 1262 1243 ex
1286 1186 1655 1264 persuasione
1678 1184 1944 1264 pendent
1966 1231 1983 1260 .,
2018 1184 2180 1266 quod

31 1349 37 1354 Δ
66 1296 255 1355 nuper
293 1279 573 1338 innuinus
601 1281 697 1360 (in
734 1301 887 1362 resp.
924 1279 998 1338 ad
1029 1280 1189 1358 21¹²),
1222 1289 1411 1338 trans,
1442 1281 1559 1338 Nec
1588 1280 1747 1338 enim
1776 1291 1945 1340 vacat
1975 1300 2181 1339 omnes

68 1374 434 1451 magnetismi
460 1396 641 1454 nugas
679 1374 1046 1455 expendere,
1082 1395 1223 1454 quas
1248 1373 1423 1432 modo
1443 1372 1725 1434 doctiores
1754 1373 2018 1456 plerique
2048 1396 2181 1434 con-

71 1476 346 1528 temnunt
371 1516 386 1545 ,
423 1492 486 1531 30
523 1473 772 1530 Mesmer
805 1471 1020 1551 passim
1052 1480 1118 1528 ut
1145 1470 1448 1529 circulator
1470 1471 1795 1530 traducitur
1833 1471 1963 1552 (3);
2004 1483 2183 1554 atque

72 1563 210 1626 hinc
245 1567 541 1647 responsio
566 1577 729 1647 patet
762 1565 839 1624 ad
866 1564 927 1623 id
946 1611 961 1639 ,
999 1564 1156 1646 quod
1181 1564 1449 1625 subditur
1482 1565 1555 1625 de
1583 1566 2000 1648 apparentibus
2029 1590 2182 1627 mor-

71 1661 182 1719 tuis
205 1706 223 1733 ,
267 1672 327 1720 et
362 1661 435 1719 ad
462 1660 756 1719 mirabiles
780 1661 1015 1719 effectus
1036 1705 1052 1734 7
1088 1681 1231 1740 quos
1265 1681 1438 1740 super
1469 1683 1565 1720 eos
1593 1662 2008 1741 magnetismus
2040 1685 2182 1745 pro-

70 1756 247 1816 ducit.
291 1759 406 1815 Nos
444 1757 663 1836 agimus
703 1755 776 1814 de
813 1776 946 1816 vere
974 1756 1252 1829 mortuiS,
1290 1756 1388 1836 qui
1425 1755 1500 1814 ad
1531 1756 1713 1815 vitam
1754 1759 2007 1817 revocati
2042 1769 2181 1817 sunt

72 1948 218 1996 obiter
242 1948 335 1996 duo
359 1957 603 2007 notentur,
641 1955 689 1994 1⁰
709 1963 825 2012 saepe
860 1946 1086 2013 ejusmodi
1169 1963 1265 1994 non
1307 1945 1476 1996 habere
1511 1948 1879 2012 maynetismum
1923 1948 2183 1998 animalem

71 2031 407 2094 persuasionem
458 2030 576 2077 nihil
599 2029 804 2088 efficere,
842 2039 894 2076 ut
918 2030 1089 2077 fatetur
1172 2038 1224 2075 ut
1263 2045 1443 2075 merum
1486 2032 1863 2095 praestigiatorum
1904 2033 2148 2080 inventum
2168 2067 2185 2091 ,

70 2113 166 2175 ipse
181 2111 376 2159 Deleuze
392 2148 405 2170 ,
427 2109 514 2158 loc.
531 2113 606 2158 cit.
644 2121 755 2158 tom.
777 2127 832 2169 11,
849 2127 951 2174 pag.
970 2125 1030 2174 27
1043 2125 1088 2172 13

91 2203 143 2255 3⁰
172 2196 221 2241 in
251 2195 452 2260 quodam
487 2211 621 2258 opere
666 2194 953 2257 magnetismi
991 2195 1092 2239 ani-

88 2276 220 2323 malis
250 2292 405 2322 casum
431 2292 666 2323 occurrere
691 2270 930 2339 cujusdam
961 2274 1090 2338 puel-

87 2358 165 2418 lae,
198 2373 299 2422 quae
328 2374 386 2405 ex
418 2374 525 2405 cura
552 2358 841 2422 magnetismi
877 2357 1092 2403 insanivit

87 2438 319 2503 (Journal
329 2439 603 2504 maynetdu
618 2440 887 2486 traitement
902 2438 957 2486 de
978 2433 1087 2486 Mue

86 2520 192 2571 D...
205 2538 303 2586 par
319 2522 400 2570 M.
424 2520 621 2569 Chenlie
635 2520 690 2568 de
705 2519 884 2585 Lyon).

154 2604 222 2668 (1)
260 2603 318 2653 O.
350 2603 548 2652 Deleuze
567 2641 581 2664 ‚
612 2601 750 2652 Hist.
786 2604 989 2668 critique
1023 2602 1091 2651 du

87 2684 403 2752 Maqnetisme
416 2687 621 2748 animal,
642 2698 754 2736 tom.
774 2702 828 2749 11,
850 2706 898 2753 p.
912 2684 964 2749 8,
982 2686 1102 2750 licet,

85 2772 247 2834 etipse
272 2770 418 2818 fautor
454 2773 513 2818 sit
540 2770 872 2833 Mesmcrismi3
917 2769 1088 2818 bache-

84 2850 170 2899 lier
195 2850 362 2917 d’Age's
382 2889 395 2912 ‚
426 2850 571 2899 Dela
597 2860 767 2899 nature
788 2851 844 2899 de
876 2850 1090 2899 l'homme

85 2940 130 2978 et
155 2933 234 2980 des
263 2950 454 2998 moyens
482 2934 540 2981 de
566 2933 608 2982 le
638 2934 807 2982 rendre
837 2933 1047 2981 heureux
1072 2971 1086 2993 ‚

84 3011 212 3061 Paris
233 3051 247 3074 .‚
272 3033 393 3063 anno
419 3032 498 3063 vm
517 3053 530 3075 ‚
556 3016 667 3063 alter
696 3018 981 3079 magnetismi
1013 3033 1091 3080 pa-

90 3104 261 3143 tronus.
291 3095 401 3144 Vid.
432 3099 637 3162 iusuper,
668 3098 852 3161 Lepons
875 3097 1090 3145 d'anato-

86 3177 181 3222 mie
209 3181 449 3242 comparee
473 3196 571 3244 par
592 3180 666 3227 M.
695 3179 877 3227 Cuvier
894 3213 911 3240 ,
933 3189 977 3227 et
996 3196 1091 3243 pu-

86 3255 227 3304 bliees
251 3275 350 3322 par
373 3256 443 3308 M.
462 3259 691 3308 Dumeril
704 3298 717 3323 ‚
741 3262 869 3310 Paris
889 3299 902 3322 ‚
942 3259 1085 3324 1815,

86 3348 198 3386 tom.
227 3356 290 3400 11,
321 3357 370 3403 p.
415 3356 522 3406 117.

151 3419 226 3484 (2)
265 3420 373 3468 Loc.
401 3423 480 3469 cit.

155 3501 223 3565 (3)
239 3501 705 3551 Animadvertendum
719 3523 855 3569 porro
868 3506 947 3554 hic
966 3523 1085 3554 non-

87 3582 237 3631 nullos
276 3587 514 3649 scriptores
543 3587 786 3635 catholicos
817 3606 913 3636 non
942 3586 1091 3636 solum

87 3665 138 3711 in
165 3663 324 3713 Galliis
341 3701 354 3723 ,
376 3666 457 3714 sed
484 3667 536 3714 in
555 3666 796 3717 Germania
821 3672 1087 3734 praesertim,

1175 2109 1254 2156 sed
1295 2125 1537 2174 agnoscere
1572 2121 1711 2176 atque
1749 2112 1988 2161 admittere
2029 2128 2184 2161 veram

1175 2207 1226 2240 ac
1246 2192 1414 2240 realem
1430 2194 1614 2252 insitam
1630 2195 1725 2242 vim
1744 2195 2030 2259 producendi
2045 2212 2185 2261 quos·

1175 2272 1282 2320 dam
1325 2273 1544 2335 effectus,
1572 2293 1769 2340 quorum
1797 2294 1934 2325 causa
1963 2280 2085 2326 inter
2106 2295 2183 2325 na-

1176 2363 1290 2402 turae
1318 2358 1435 2404 vires
1469 2375 1552 2405 nos
1573 2357 1683 2406 latet
1720 2360 1770 2406 in
1798 2368 1892 2407 tota
1916 2377 1996 2407 sua
2026 2371 2185 2409 exten-

1175 2438 1317 2486 sione.
1331 2436 1390 2485 At
1402 2449 1701 2505 praeterquam
1715 2441 1840 2506 quod
1857 2443 1929 2489 isti
1944 2444 2186 2507 scriptores

1173 2522 1311 2568 simul
1327 2522 1529 2569 fatentur
1547 2525 1907 2586 magnetismum
1923 2525 2187 2574 obnoxium

1173 2620 1269 2651 esse
1302 2603 1523 2652 daemonis
1547 2604 1722 2653 artibus
1745 2642 1758 2666 ,
1781 2605 1990 2655 absolute
2014 2617 2186 2672 negant

1172 2684 1364 2733 effeetus
1387 2688 1781 2751 supernaturales»,
1814 2705 1929 2752 quos
1962 2691 2013 2736 in
2045 2692 2186 2738 mira-

1173 2768 1288 2816 culis
1318 2768 1392 2816 vel
1429 2772 1624 2833 mystica
1664 2779 1927 2817 sanctorum
1965 2772 2057 2817 vita
2088 2787 2190 2819 cer·-

1173 2851 1326 2897 nimus
1352 2861 1395 2898 et
1420 2850 1703 2898 admiramur
1720 2887 1732 2910 ‚
1755 2850 1994 2917 quidpiam
2014 2852 2189 2902 habere

1174 2948 1423 2980 commune
1462 2949 1569 2979 cum
1607 2932 1845 2981 effectibus
1881 2937 2183 2998 magneticis‚

1174 3016 1268 3061 imo
1292 3015 1399 3062 istos
1427 3014 1485 3061 ab
1508 3013 1601 3061 illis
1628 3023 1722 3062 toto
1758 3015 1871 3063 coelo
1899 3015 2083 3064 differre
2114 3017 2190 3064 fa-

1174 3105 1356 3154 tentur,
1393 3113 1480 3144 nec
1505 3095 1755 3161 posse'ss‘ulla
1796 3099 1973 3146 ratione
1996 3116 2187 3163 magne-

1174 3179 1297 3225 tismi
1339 3195 1424 3243 ope
1461 3178 1687 3242 explicari.
1726 3178 1866 3228 Cons.
1920 3178 2100 3228 Goerres
2137 3181 2188 3228 in

1173 3261 1572 3326 praesationenovae
1586 3261 1799 3310 editionis
1813 3261 2191 3326 operumB.Hen-

1172 3345 1255 3391 rici
1281 3341 1470 3405 Sasonis
1489 3379 1503 3403 ‚
1533 3361 1641 3391 cura
1681 3343 1740 3391 D.
1779 3343 2040 3393 Melchioris
2070 3343 2189 3392 Die-

1173 3424 1409 3490 penbrokk
1425 3425 1565 3492 ‚‘quae
1592 3426 1912 3475 inscribuntur
1940 3423 2187 3474 Heinrich

1173 3505 1318 3554 Susos
1347 3504 1502 3555 Leben
1531 3508 1635 3555 and
1664 3508 1907 3572 Schriften
1926 3542 1942 3568 ,
1975 3517 2064 3556 etc.
2092 3506 2188 3556 Re·-

1171 3589 1398 3654 gensburg
1440 3587 1583 3655 1829.
