2554 4140
338 37 459 96 226
953 50 1020 86 ΒΕ
1061 49 1212 88 VERA
1258 51 1381 90 Ru,
1433 50 1563 89 mv.
1610 51 1810 89 neren.

425 215 522 273 42.
568 212 939 289 Quapropter
962 208 1226 289 sequitur
1252 207 1315 266 1⁰
1337 206 1465 266 illos
1494 227 1698 266 omnes
1711 217 1771 267 et
1792 206 1941 266 solos
1961 206 2140 268 libros
2153 212 2461 295 Scripturae

338 305 647 373 canonicos
676 314 739 363 et
772 302 1003 363 divinos
1031 324 1154 363 esse
1179 302 1251 361 ab
1282 303 1555 363 omnibus
1579 301 1976 362 admittendos
1995 347 2011 380 ,
2050 325 2192 385 quos
2217 307 2461 368 Ecclesia

336 401 552 465 Christi
591 408 661 458 'ut
693 397 839 458 tales
880 400 1241 481 recognoscit
1274 410 1334 459 et
1377 398 1657 458 admittit.
1709 400 1963 457 Istorum
1996 409 2194 459 autem
2221 420 2460 462 censum

332 496 573 560 exhibet
594 493 922 554 Concilium
965 493 1410 570 Tridentinum,
1454 516 1591 554 sess,
1626 495 1720 552 [V.

417 591 514 652 43.
559 592 628 649 2⁰
669 591 890 650 Omnes
920 601 980 649 et
1003 589 1151 649 solas
1179 589 1521 649 traditiones
1545 589 1618 649 ab
1656 588 1928 648 omnibus
1948 590 2172 648 Christi
2196 589 2463 650 fidelibus

330 691 558 754 divinas
595 686 899 747 habendas
923 708 1050 747 esse
1072 733 1088 762 a
1124 708 1266 769 quas
1304 687 1509 747 eadem
1548 687 1766 746 Christi
1806 686 2052 746 Ecclesia
2087 697 2155 746 ut
2189 670 2318 746 talis
2356 687 2463 747 ad-

330 786 514 847 mittit
546 805 612 844 ae
645 793 984 843 veneratur.

411 880 510 942 44.
557 879 622 939 30
643 881 679 939 J
683 899 787 938 ure
803 899 908 936 suo
930 875 1240 936 Ecclesiam
1256 876 1340 934 uti
1361 922 1376 951 ‚
1404 896 1538 935 cum
1553 899 1676 936 non
1694 900 1899 939 omnes
1921 879 2252 960 promiscue
2276 879 2464 962 Scrip-

329 990 477 1038 turae
504 975 801 1038 versiones
831 970 1120 1053 approbat
1149 981 1209 1030 et
1240 971 1567 1054 permittit,
1604 972 1708 1031 sed
1739 973 1867 1034 illas
1906 987 2140 1034 tantum
2165 996 2308 1055 quas
2339 974 2463 1056 ipsa

323 1073 693 1135 authenticas
737 1079 797 1128 et
831 1066 1033 1127 fideles
1072 1067 1466 1147 recognoscit3
1511 1077 1571 1126 et
1611 1087 1746 1126 cum
1785 1069 2025 1150 insuper
2065 1071 2361 1130 versiones
2398 1071 2462 1128 in

322 1172 549 1251 linguas
575 1162 920 1228 vernaculas
950 1163 1189 1222 nonnisi
1223 1162 1332 1222 sub
1356 1162 1711 1245 praescriptis
1734 1173 1766 1222 a
1790 1184 1850 1223 se
1875 1164 2302 1226 conditionibus
2326 1165 2461 1228 vul-

320 1266 443 1350 gari
471 1286 536 1324 ac
561 1263 674 1343 legi
701 1259 996 1344 permittit
1027 1259 1054 1339 (
1082 1262 1106 1318 I
1145 1261 1274 1319 Cor.
1311 1261 1389 1317 XI
1409 1304 1425 1335 ,
1462 1259 1597 1341 16).

405 1360 507 1420 45.
555 1359 622 1418 4⁰
667 1356 991 1418 Haereticos
1043 1355 1278 1415 nullum
1314 1360 1413 1435 jus
1449 1355 1512 1414 in
1565 1355 1929 1437 Scripturam
1978 1377 2044 1416 ac
2085 1354 2463 1417 traditionem

320 1455 540 1517 habere
560 1502 577 1531 ‚
617 1475 682 1514 ac
722 1452 912 1512 multo
944 1453 1140 1511 minus
1172 1452 1247 1511 ad
1275 1473 1476 1511 earum
1503 1452 2083 1534 interpretationem,
2131 1463 2339 1534 utpote
2370 1475 2458 1513 re-

319 1553 618 1613 fractarios
660 1562 719 1610 et
755 1561 921 1610 extra
963 1548 1276 1608 Ecclesiam
1331 1546 1676 1608 constitutos
1699 1592 1715 1621 ‚
1758 1557 1824 1606 ut
1864 1548 2015 1607 infra
2057 1548 2456 1608 ostendemus,

404 1649 505 1708 46.
556 1647 623 1706 50
659 1647 920 1708 Privatos
967 1644 1171 1706 fideles
1225 1643 1483 1704 fructum
1533 1642 1774 1726 quidem
1821 1644 2122 1727 percipere
2172 1666 2341 1726 posse
2388 1666 2458 1703 ex

319 1744 633 1828 Scripturis
656 1789 671 1818 7
697 1764 833 1803 cum
848 1744 1044 1801 omnia
1062 1740 1137 1801 ad
1155 1741 1419 1824 ipsorum
1441 1732 1668 1799 bonum
1692 1761 1757 1798 ac
1780 1738 2097 1799 utilitatem
2122 1740 2184 1798 in
2211 1739 2459 1800 Ecclesia

319 1840 589 1902 ordinata
628 1840 782 1914 sint,
826 1837 922 1900 vel
961 1860 1057 1898 eas
1082 1842 1254 1917 juxta
1286 1836 1547 1897 Ecclesiae
1581 1835 1807 1916 regulas
1845 1857 2140 1920 exponere
2182 1847 2243 1895 et
2277 1837 2457 1896 inter·

318 1938 577 2021 pretari,
631 1935 735 1996 sed
775 1957 841 1995 ea
878 1933 987 1994 sub
1025 1933 1395 2008 conditione,
1437 1944 1506 1992 ut
1546 1933 1811 2015 ipsorum
1851 1933 2364 2015 interpretationes
2402 1943 2462 1992 et

319 2033 711 2115 expositiones
737 2033 894 2091 intra
913 2036 1179 2112 privata·
1218 2034 1525 2110 opinionis
1564 2027 1852 2089 cancellos
1893 2028 2322 2089 concludantur
2347 2074 2363 2103 ,
2399 2038 2460 2087 et

322 2128 579 2188 Ecclesiae
593 2128 813 2207 judicio
844 2125 1229 2206 suinciantur
1251 2171 1267 2200 ,
1305 2147 1439 2184 cum
1467 2125 1648 2207 ipsius
1680 2136 1916 2184 tantum
1950 2125 2026 2183 sit
2053 2124 2454 2183 authenticam

316 2236 380 2285 et
417 2224 886 2286 auctoritativam
916 2223 1468 2304 interpretationem
1495 2220 1653 2279 dare.

1143 2411 1633 2454 DIFFICULTATES.

402 2556 502 2616 47.
551 2552 683 2633 Obj.
717 2553 934 2637 primm
965 2553 1027 2611 1Ο
1057 2552 1355 2634 Scriptura
1383 2562 1472 2611 est
1499 2551 1922 2632 patrimonium
1948 2571 2288 2625 communeg
2323 2572 2453 2611 eam

321 2656 476 2714 Deus
498 2653 561 2711 in
589 2649 995 2711 haereditatem
1029 2648 1243 2729 legavit
1267 2646 1398 2706 filiis
1426 2647 1573 2722 suis3
1612 2646 1991 2727 Evangelistae
2015 2646 2276 2706 fidelium
2314 2669 2453 2730 pre—

318 2748 481 2808 cibus
524 2769 751 2808 morem
793 2757 1060 2828 gerentes
1108 2742 1494 2824 Evangelium
1522 2745 1881 2826 scripserunt
1924 2741 2046 2822 (l)·;
2086 2743 2154 2801 2⁰
2195 2745 2455 2826 Apostoli

320 2843 594 2928 epistolas
625 2866 754 2903 suas
782 2842 857 2902 ad
874 2843 1063 2904 varias
1080 2840 1343 2901 fidelium
1361 2841 1660 2901 societates
1690 2841 2013 2916 miserunt3
2047 2839 2112 2899 3⁰
2138 2841 2452 2923 Scripturae

319 2941 632 3002 lectionem
662 2939 937 3001 omnibus
959 2938 1487 3017 commendarunt3
1520 2939 1579 2998 4Ο
1603 2938 1912 3022 Apostolus
1945 2936 2153 2997 Paulus
2178 2936 2453 2997 omnibus

319 3036 845 3099 Thessalonicensis
872 3035 1134 3097 Ecclesiae
1164 3033 1434 3095 fidelibus
1465 3034 1723 3114 injunxit
1753 3055 1767 3091 ε
1819 3034 1876 3093 T
1871 3046 2027 3094 enete
2056 3035 2412 3094 traditiones
2428 3076 2450 3106 ,

320 3142 472 3206 etc-3
512 3153 648 3212 ergo
684 3154 808 3192 non
842 3143 1026 3194 coetus
1072 3142 1410 3213 pastorum,
1458 3130 1563 3191 sed
1604 3128 1867 3190 fidelium
1908 3141 2092 3190 coetus
2124 3142 2213 3191 est
2257 3141 2448 3190 custos

318 3228 536 3292 divinae
563 3228 938 3291 revelationis
955 3274 974 3305 ,
1003 3250 1070 3289 ac
1099 3228 1351 3310 proinde
1378 3227 1670 3307 legitimus
1698 3230 1820 3303 ejus
1854 3226 2165 3310 interpres

401 3325 502 3385 48.
552 3327 725 3407 Resp.
749 3326 1072 3405 generatim
1090 3326 1248 3386 Dist.
1278 3335 1471 3383 antec.
1499 3321 1619 3382 Sub
1646 3320 1966 3383 directione
1997 3323 2252 3383 Ecclesiae
2272 3366 2287 3395 ⁷
2318 3339 2445 3400 quae

387 3571 456 3637 (1)
483 3572 550 3621 lta
571 3574 739 3637 passim
758 3572 1003 3638 scriptores
1024 3549 1239 3622 Historiae
1256 3570 1581 3619 Ecclesiasticae
1614 3577 1854 3617 testantur.
