2554 4140
472 170 624 208 PROP.
673 170 755 208 IX.
803 171 871 206 DE
914 166 1168 206 PROTEST.
1216 165 1369 204 ome..
1413 165 1480 201 m·
1523 163 1678 202 SUCC.

2011 132 2128 197 305

112 311 252 370 226.
297 312 434 370 Post
477 310 635 385 haec,
679 332 802 369 non
843 319 931 368 est
966 296 1135 390 quod'
1157 303 1362 386 aliquis
1403 314 1652 386 quaerat,
1694 301 1836 384 quid
1870 299 2132 361 sentiant

34 410 428 466 protestantes
448 451 465 481 Ἰ
493 405 815 487 praesertim
832 399 1209 462 rationalistae
1227 410 1284 458 et
1298 398 1655 458 naturalistae
1672 441 1689 473 ,
1720 397 1868 456 circa
1884 392 2135 474 singulos

31 500 168 560 fidei
195 501 520 559 christiana}
559 498 847 560 articulos,
887 494 1035 555 Satis
1076 493 1152 550 sit
1186 491 1495 551 observare
1533 490 1851 551 nonnullos
1886 511 1958 550 ex
1998 489 2139 570 ipsis

34 701 168 752 ture,
203 701 248 739 et
277 690 537 757 cepenclent
575 691 853 753 enseiqnent
878 682 1049 750 publi-

33 780 252 837 quement
297 773 439 837 qu’on
472 788 552 826 ⁸ne
598 777 715 835 peut
745 773 1054 834 proprement

36 855 143 901 rien
176 855 337 902 savoir
376 853 432 900 de
464 869 539 901 ces
568 853 738 899 veritis
760 849 1051 913 fondamen-

37 934 153 983 tales
165 935 283 983 dela
300 932 504 998 reliqion
521 970 535 992 ‚
554 936 874 997 representem
892 968 905 990 ‚
931 946 1053 978 non-

37 1016 295 1064 seulement
323 1014 444 1062 dans
476 1005 541 1062 les
566 1012 736 1078 eqlises
763 1016 890 1061 mais
918 1014 1055 1060 aussi

38 1098 162 1145 dans
173 1096 241 1144 les
257 1094 419 1156 booles,
436 1112 612 1143 comme
640 1095 797 1144 nalles
829 1095 1056 1160 lespreu-

31 1195 116 1227 *ves
136 1178 192 1224 de
226 1175 498 1225 l'existence
527 1178 583 1224 de
612 1177 752 1224 Diem
774 1182 914 1225 πνέω
933 1176 1054 1226 dela

36 1253 389 1310 consideration
418 1260 476 1307 de
505 1260 734 1308 l'univers
751 1298 764 1321 ‚
783 1269 828 1308 et
844 1262 1055 1308 soutien-

37 1352 153 1391 nent
182 1360 272 1407 que
296 1351 395 1390 tout
432 1358 482 1389 oe
515 1343 660 1406 qu’on
701 1349 820 1407 peut
852 1343 1060 1408 affirmer

38 1423 147 1472 o'est
170 1423 325 1488 qu'un
366 1423 548 1471 homme
591 1432 819 1471 vertueuoe
850 1424 951 1471 doit
980 1424 1060 1472 de-

42 1507 164 1553 sirer
201 1505 321 1570 qu'il
363 1522 395 1568 y
441 1506 515 1552 ait
542 1521 612 1552 un
647 1504 801 1553 Dieu.
848 1504 933 1552 Gn
962 1507 1061 1552 soit

43 1586 187 1651 qn'ils
208 1603 267 1633 en
294 1586 454 1637 ,disent
472 1594 645 1633 nutant
659 1585 726 1632 dn
749 1585 1057 1633 christianis-

42 1685 116 1715 mo
132 1704 145 1723 ‚
174 1675 217 1713 et
234 1666 468 1731 affirment
490 1683 579 1730 que
604 1666 639 1716 J
646 1667 747 1715 .-C.
777 1685 806 1716 a
841 1670 1060 1731 enseiyne

42 1748 88 1795 la
125 1750 272 1795 meme
308 1747 553 1810 doctrine,
592 1758 635 1797 et
662 1766 750 1812 que
768 1749 815 1797 la
848 1748 983 1798 Bible
1001 1767 1060 1798 ne

43 1829 143 1877 doit
164 1832 258 1877 &tre
287 1829 523 1894 employee
549 1848 638 1896 que
661 1846 838 1878 comme
860 1848 954 1879 une
981 1837 1062 1879 in-

46 1911 314 1959 troduction
336 1912 367 1959 ὰ
382 1912 428 1958 la
449 1913 612 1959 raison
630 1929 758 1978 pure
774 1950 787 1972 ‚
798 1915 1062 1978 puisqu’on

48 2010 108 2040 ne
120 2002 237 2058 peut
259 1992 475 2058 pasplus
487 2010 704 2059 prouver
731 1993 778 2042 Ia
806 1994 1060 2042 revelation

46 2091 134 2139 que
168 2072 439 2122 l'eoeistenoe
460 2075 517 2122 de
550 2075 708 2125 Dieu.
730 2066 786 2124 Et
809 2088 963 2126 tamen
987 2080 1061 2125 isti

50 2166 158 2203 sunt
201 2156 472 2219 professores
516 2159 566 2204 in
609 2160 982 2207 universitatibus
1019 2170 1060 2207 et

48 2256 206 2287 curam
243 2249 408 2302 gerunt
436 2242 730 2289 animarum!
767 2242 907 2291 Cous.
942 2260 1060 2307 prae-

51 2332 173 2369 terea
205 2339 319 2386 opus
350 2325 424 2370 cui
453 2324 610 2372 titulus
643 2321 785 2372 :Der
819 2325 1062 2392 Triumpk

50 2413 141 2451 etc.
171 2421 278 2463 seu,
310 2404 614 2470 Triumphus
624 2406 940 2473 philosophice
967 2426 1061 2457 εω-

48 2484 148 2532 culi
171 2501 310 2547 xvm,
341 2485 663 2536 Germantown
698 2487 845 2550 1803,
876 2501 1062 2541 auctore

51 2567 210 2615 eodem
232 2566 302 2616 De
315 2567 493 2629 Strack‚
511 2572 590 2635 qui
605 2571 750 2619 edidit
769 2571 1063 2621 Convivium

63 2649 315 2699 Theoduli.
369 2649 506 2700 Nunc
546 2655 595 2700 in
625 2655 832 2701 medium
877 2658 1065 2718 prodeat

59 2734 264 2780 minister
284 2735 546 2797 genevensis
559 2731 744 2782 Chastel
761 2770 775 2796 ,
794 2744 838 2783 et
852 2738 1064 2800 principii

59 2813 160 2861 loco
192 2821 363 2861 statuat
394 2830 407 2860 ε
453 2810 615 2875 Qu'on
650 2824 769 2879 peut
796 2815 1067 2881 distinqner
1115 2814 1119 2818 ⁴

59 2908 119 2938 en
147 2893 270 2940 deux
299 2893 470 2941 classes
490 2893 554 2941 les
580 2895 767 2958 doqmes
794 2897 862 2944 du
896 2897 1064 2948 Claris-

59 2975 319 3036 tianisme3
354 2974 418 3022 les
449 2992 546 3022 uns
580 2986 687 3024 sont
721 2994 958 3028 reconnus
977 2999 1068 3029 an-

61 3057 389 3103 terieurement
408 3058 438 3104 ἅ
461 3056 852 3123 l’interpretation
882 3062 940 3109 de
958 3061 1069 3112 I'E-

63 3136 282 3200 vanqile‚
313 3146 355 3185 et
389 3155 505 3186 sans
540 3157 633 3188 eux
675 3142 718 3190 il
753 3142 841 3208 n’y
872 3162 902 3192 a
930 3144 1072 3210 point

63 3217 120 3264 de
150 3217 553 3281 Christianisme5
576 3238 628 3269 ee
664 3233 769 3271 sont
799 3225 864 3272 les
887 3226 1074 3290 doqmes

63 3297 118 3344 de
142 3297 404 3347 l’existence
429 3301 485 3348 de
511 3299 647 3351 Dieu
668 3342 681 3363 ‚
707 3305 764 3353 de
788 3306 834 3354 la
864 3311 1067 3358 mission

64 3381 227 3428 divine
274 3381 329 3429 de
374 3381 516 3433 J.·C.
557 3395 600 3433 et
627 3385 960 3453 l'inspiration
988 3393 1068 3439 des

66 3463 301 3542 ecrivqins
336 3470 520 3529 moreau
546 3485 667 3516 nous
688 3470 752 3519 lea
777 3472 1068 3539 appellerons

68 3545 297 3606 primitifs.
345 3544 432 3593 Les
471 3556 631 3596 autres
674 3551 886 3601 derivem
928 3556 1069 3604 d'une

69 3625 426 3690 interpretation
443 3629 724 3680 determinee
743 3634 800 3683 de
822 3635 1069 3702 l'Evanqi-

230 3706 295 3764 T.
346 3709 387 3766 Ι.

1126 679 1202 739 le,
1227 680 1368 746 apres
1397 696 1488 744 que
1517 680 1719 745 celui-oi
1750 697 1783 730 a
1825 685 1894 728 ete
1932 696 2145 728 reconna

1121 765 1253 828 pour
1291 759 1412 824 reqle
1442 760 1499 807 de
1525 761 1661 824 sbi...
1701 777 1822 809 nous
1852 760 1918 810 les
1947 760 2148 832 appelle-

1128 860 1239 891 rons
1299 841 1693 906 d'interpretatiou
1764 844 1781 906 (
1822 843 1903 891 De
1964 842 2147 908 l'usaqe
2182 899 2186 905 .

1133 923 1220 972 des
1257 924 1549 988 confessione
1573 960 1586 983 ‚
1630 932 1718 971 etc.
1751 940 1859 988 pag.
1902 942 1930 971 2
1953 924 1995 987 );
2029 928 2150 974 circa

1133 1009 1281 1071 prima
1312 1004 1530 1070 dogmata
1563 1003 1759 1053 affirmat
1794 1021 1956 1053 omnes
1994 1006 2151 1054 Chris-

1135 1094 1284 1140 tianos
1316 1093 1563 1139 convenire
1590 1107 1604 1152 3
1638 1090 1792 1155 quoad
1835 1080 2050 1155 dogmata
2076 1093 2151 1139 in·

1135 1173 1476 1238 terpretationis
1499 1176 1656 1221 asserit
1674 1175 1920 1222 convenire
1946 1173 2153 1222 Catholi-

1135 1273 1244 1318 cos3
1272 1255 1560 1303 Reformatos
1577 1271 1683 1302 vero
1710 1257 2045 1303 consentientes
2059 1272 2155 1304 esse

1137 1339 1257 1386 circa
1276 1337 1490 1403 dogmata
1507 1336 1770 1401 primitiva
1787 1371 1801 1395 ‚
1831 1335 2154 1386 dissentientes

1137 1435 1248 1467 vero
1263 1420 1313 1466 in
1327 1417 1624 1482 dogmatibus
1639 1418 2063 1483 interpretationis.
2095 1418 2157 1466 At

1138 1516 1193 1548 ex
1221 1500 1371 1551 allatis
1402 1500 1691 1548 documentis
1720 1510 1844 1564 patet
1873 1501 2044 1549 falsum
2059 1519 2156 1550 esse

1137 1581 1445 1631 protestantes
1466 1591 1511 1629 et
1527 1582 1794 1630 reformatos
1815 1586 2157 1633 consentientes

1140 1685 1235 1716 esse
1260 1669 1378 1715 circa
1405 1666 1618 1731 dogmata
1634 1668 1892 1730 primitiva,
1924 1685 2033 1715 nam
2059 1668 2155 1715 haec

1137 1760 1183 1799 et
1207 1748 1284 1797 illa
1309 1750 1648 1795 destruxerunt.
1688 1746 1912 1796 Observat
1940 1760 2157 1813 praeterea

1139 1830 1250 1879 fidei
1281 1830 1591 1878 confessiones
1633 1847 1729 1876 non
1759 1831 1895 1878 fuisse
1931 1831 2168 1895 obligato-

1140 1915 1230 1959 rias
1244 1913 1331 1959 nisi
1345 1910 1512 1958 saeculo
1538 1924 1610 1969 ιιι,
1639 1928 1807 1977 easque
1833 1927 1993 1959 causas
2020 1914 2158 1961 fuisse

1140 1994 1421 2041 divisionum
1470 2001 1513 2040 et
1562 1992 1959 2058 multiplicationis
2013 1995 2158 2042 haere-

1140 2092 1268 2124 seon.
1318 2074 1377 2121 At
1418 2076 1467 2121 in
1511 2075 1601 2122 hoc
1650 2065 1893 2137 dupliciter
1945 2074 2116 2123 labitur
2141 2115 2156 2137 ,

1148 2164 1194 2203 1⁰
1229 2157 1337 2222 quia
1384 2155 1499 2203 fides
1528 2157 1663 2219 coepit
1698 2172 1795 2203 esse
1838 2154 2105 2220 obligatoria
2135 2176 2160 2205 a

1141 2257 1220 2289 sua
1244 2239 1632 2305 promulgatione,
1653 2249 1704 2286 ut
1721 2249 1843 2302 patet
1873 2256 1932 2286 ex
1948 2239 2161 2304 Epistolis

1141 2323 1466 2390 Apostolorum
1489 2340 1503 2383 ς
1534 2333 1579 2371 et
1595 2322 1861 2388 symbolum
1889 2324 2160 2387 apstolicam

1140 2409 1291 2455 statim
1319 2407 1527 2467 obtinuit,
1556 2424 1581 2453 a
1611 2406 1935 2470 praedicatione
1966 2425 2162 2472 evange-

1141 2490 1230 2539 lica
1250 2527 1264 2550 ,
1293 2491 1378 2538 etsi
1404 2489 1616 2537 daremus
1647 2505 1744 2536 non
1771 2503 1868 2536 esse
1897 2489 2161 2537 confectum

1144 2573 1202 2620 ab
1231 2574 1340 2636 ipsis
1357 2569 1612 2634 Apostolis,
1631 2569 1940 2633 quodtamen
1963 2569 2162 2618 Rufinus

1143 2670 1252 2701 cum
1273 2653 1372 2700 aliis
1388 2653 1614 2709 affirmat;
1637 2656 1688 2697 2⁰
1706 2650 1817 2699 adeo
1840 2652 2160 2715 multiplicatae

1144 2735 1331 2781 fuerunt
1361 2734 1559 2780 haereses
1589 2731 1770 2779 duobus
1807 2734 1966 2795 primis
1997 2733 2161 2781 Eccle-

1145 2817 1219 2863 siae
1257 2814 1467 2872 saeoulis,
1510 2823 1562 2860 ut
1610 2811 1917 2878 Hippolytus,
1962 2813 2162 2864 Eusebio

1148 2907 1289 2956 teste,
1318 2895 1457 2944 Hist.
1484 2894 1642 2942 eccles,
1679 2895 1765 2943 lib.
1799 2912 1874 2954 v1,
1907 2913 2011 2961 cap.
2053 2914 2116 2945 20
2143 2935 2157 2956 ‚

1147 2980 1350 3028 secundo
1387 2978 1599 3026 Ecclesiae
1637 2975 1804 3025 saeculo
1847 2977 2064 3040 labente,
2100 2981 2163 3028 li-

1148 3061 1287 3108 brum
1317 3062 1545 3124 scripserit
1584 3059 1800 3107 adversus
1834 3061 2017 3124 triginta
2049 3061 2163 3109 duas

1150 3143 1371 3202 haereses3
1398 3140 1528 3206 quod
1552 3143 1648 3206 jam
1669 3151 1775 3188 ante
1803 3143 1953 3205 ipsum
1988 3146 2163 3207 praesti-

1153 3234 1300 3273 terant
1331 3224 1614 3286 Hegesippus
1632 3259 1646 3281 ‚
1672 3226 1752 3288 qui
1780 3222 1937 3272 floruit
1957 3225 2044 3273 sub
2076 3226 2166 3275 Ha·

1151 3309 1314 3356 driano
1332 3345 1347 3368 ‚
1378 3317 1422 3355 et
1452 3306 1608 3354 Melito
1634 3317 1678 3355 et
1706 3307 1984 3356 Bardesanes
2015 3310 2164 3357 dictus

1149 3391 1470 3438 boereticorum
1502 3388 1695 3436 malleus
1718 3426 1731 3448 ‚
1769 3390 1892 3452 apud
1912 3390 2128 3437 eumdem
2150 3430 2163 3449 ‚

1149 3472 1295 3520 lib.1v
1313 3505 1328 3530 ‚
1351 3488 1454 3534 cap.
1487 3486 1567 3517 22.
1586 3468 1659 3518 An
1681 3470 1781 3518 haec
1803 3473 2078 3536 ignorantiae
2094 3472 2166 3519 vel

1153 3554 1283 3603 malae
1297 3552 1406 3601 fidei
1425 3554 1622 3599 ministri
1641 3552 1938 3600 Protestantis
1957 3553 2031 3600 vel
2049 3555 2166 3601 utri-

1153 3655 1245 3704 que
1274 3634 1413 3684 simul
1442 3633 1745 3683 adscribenda
1779 3640 1927 3684 sunt?

1851 3716 1930 3776 20
