2554 4140
583 156 734 195 PROP.
784 155 889 195 Vll.
939 155 1007 191 ΒΕ
1050 154 1195 191 SYs'r.
1241 152 1378 191 SPIR.
1428 152 1575 189 PRIV-

2013 125 2130 204 287

27 302 198 360 fuisse
231 322 265 358 a
304 299 510 380 spiritu
550 297 890 358 sacerdotali
924 294 1148 367 Esdrae.,
1188 315 1366 375 quem
1409 304 1853 378 exasperaverat
1883 291 2135 352 infortu·

27 397 194 455 nium
228 395 360 474 (1)?

109 490 249 550 188.
295 489 449 570 Ncy.
491 499 774 570 praeterea
827 504 1049 562 conseq.
1110 482 1340 541 Etenim
1382 484 1430 542 si
1471 485 1705 565 spiritus
1746 485 2007 566 privatus
2043 494 2137 543 est

25 585 178 644 solus
207 587 495 667 interpres
528 594 588 644 et
611 573 849 665 quidem
874 575 1280 658 independens
1304 597 1600 638 sacrorum
1624 580 1886 639 codicum
1907 625 1923 654 ,
1963 577 2136 660 quid-

26 680 168 761 quid
202 691 370 762 putat
402 680 528 761 quis
567 700 628 738 se
661 674 951 736 invenisse
995 670 1072 730 ad
1113 670 1290 730 fidem
1333 672 1666 751 pertinen5‚
1710 674 1783 734 de
1825 674 1940 734 fide
1983 674 2092 733 erit
2118 718 2135 748 ,

24 774 311 855 quidquid
336 795 476 834 vero
499 771 574 831 ad
604 770 781 829 fidem
808 766 1053 826 minime
1084 767 1377 847 pertinere
1407 767 1824 828 existimaverit
1843 815 1859 843 7
1899 770 2141 829 omnino

24 882 278 951 respuet.
307 871 415 928 Tot
439 865 684 948 proinde
707 874 879 923 erunt
904 862 1039 922 fidei
1061 861 1323 943 symbola
1338 906 1356 939 ‚
1380 874 1522 944 quot
1554 864 1741 944 capita
1763 909 1778 938 ,
1803 865 1984 924 immo
2007 886 2142 924 cum

31 966 272 1046 quisque
305 963 642 1045 opinionem
682 981 848 1018 suam
881 980 1034 1040 saepe
1069 969 1296 1032 mutet,
1330 959 1440 1017 erit
1475 957 1548 1017 de
1579 958 1694 1018 fide
1733 957 1941 1034 hodie,
1983 959 2144 1040 quod

27 1080 151 1118 cras
185 1059 294 1118 erit
326 1056 558 1115 falsum.
590 1054 749 1115 Nihil
783 1054 1029 1136 proinde
1072 1054 1253 1111 fixum
1295 1054 1358 1111 in
1399 1053 1501 1112 tali
1542 1066 1852 1135 systemate
1894 1054 2146 1114 habetur

26 1165 245 1236 praeter
284 1164 634 1234 perpetuam
691 1150 1149 1210 inconstantiam
1189 1161 1249 1209 et
1289 1148 1747 1210 fluctuationem.
1802 1150 1976 1210 Nulla
2033 1149 2145 1209 alia

24 1248 160 1307 fidei
194 1247 390 1328 regula
430 1248 541 1306 erit
581 1258 792 1328 praeter
825 1245 1207 1326 subjectivam
1242 1265 1308 1303 ac
1344 1246 1632 1326 privatam
1671 1246 2103 1327 persuasionem
2125 1291 2142 1319 ,

31 1365 131 1403 seu
174 1343 369 1425 potius
430 1343 767 1425 opinionem
817 1341 915 1403 vel
968 1339 1235 1401 dubium.
1281 1341 1650 1423 Experientia
1703 1353 1764 1401 et
1804 1340 2148 1401 historia-id

30 1438 466 1499 evidentissime
505 1436 826 1497 ostendunt
855 1434 966 1515 (2).

32 1668 78 1717 la
113 1669 318 1734 reliqion
332 1669 507 1734 juive,
543 1665 823 1716 d'admettre
856 1683 953 1715 une
985 1670 1059 1714 re-

28 1751 291 1799 surrection
315 1749 450 1798 reelle
478 1749 535 1797 de
557 1749 604 1796 la
619 1748 760 1797 chair
778 1784 793 1811 ,
817 1757 862 1796 et
881 1747 979 1797 l'on
997 1765 1059 1797 ne

30 1841 194 1881 trouve
230 1834 372 1898 point
405 1831 520 1879 chez
564 1829 642 1878 lui
670 1830 717 1878 la
755 1832 965 1879 doctrine
1002 1830 1059 1878 de

32 1915 80 1963 la
108 1913 423 1962 Providence.
469 1913 556 1960 Les
589 1912 742 1961 lettres
781 1912 837 1960 de
885 1912 1059 1961 Pierrc

33 2005 77 2044 et
121 1996 178 2043 de
218 1994 425 2060 Jacques
456 2002 500 2042 et
534 1992 651 2042 celle.
683 2010 783 2042 aaa·
821 1994 1058 2042 Hebreuzc

34 2087 143 2128 sont
179 2094 357 2125 comme
389 2076 521 2126 celles
554 2077 610 2124 de
638 2073 772 2124 Paul
782 2098 804 2137 ‚·
825 2094 885 2125 en
913 2081 1058 2142 yene-

33 2160 137 2221 ral,
172 2160 236 2208 les
259 2162 399 2208 ἐσήιε
416 2161 483 2208 du
513 2160 748 2208 Nouveau
784 2161 1060 2208 Testament

34 2258 94 2289 ne
123 2250 334 2307 pensent
357 2240 589 2307 prodaire
624 2258 789 2290 aucun
827 2258 964 2308 corps
1001 2241 1058 2290 de

35 2323 248 2372 doctrine
277 2323 388 2371 bien
420 2323 485 2371 lie
525 2324 708 2385 et‚bien
748 2327 915 2381 avere,
961 2331 1055 2374 etc.

35 2405 129 2454 Sed
159 2409 263 2453 satis
294 2416 360 2455 est
400 2406 556 2454 oculos
595 2403 825 2473 conjicere
854 2408 904 2454 in
937 2409 1059 2471 ipsos

34 2487 321 2537 biblicorum
338 2490 683 2537 neotericorum
699 2488 858 2549 libros,
876 2496 928 2536 ut
939 2491 1059 2554 quis·

39 2586 131 2635 que
156 2573 320 2618 certior
351 2570 464 2631 fiat,
499 2587 593 2636 quo
635 2570 825 2619 tandem
861 2570 1062 2619 devene-

42 2651 136 2698 rint
160 2650 484 2701 ProtestanteS.
510 2651 620 2716 Quae
638 2654 763 2700 enim
784 2649 1062 2700 adduximus

42 2747 139 2779 non
153 2743 259 2780 sunt
273 2735 362 2780 nisi
379 2733 498 2781 levia
514 2733 794 2780 lineamenta
812 2769 826 2792 ,
845 2742 892 2780 et
905 2741 1062 2781 tamen

43 2811 95 2858 hi
140 2823 247 2861 sunt
275 2848 292 2873 ‚
343 2816 425 2879 qui
483 2814 734 2876 gloriantur
792 2816 923 2878 quasi
979 2831 1063 2878 pro
1104 2810 1109 2813 ’

46 2894 182 2941 unica
206 2895 364 2958 religio
374 2896 447 2942 nis
466 2894 566 2943 basi
584 2896 864 2960 sumpserint
887 2912 1063 2944 sacram

48 2973 362 3040 Scripturam!

119 3057 188 3120 (1)
224 3056 316 3122 Op.
345 3059 426 3106 eit.
455 3055 535 3105 De
552 3056 600 3105 la
624 3050 828 3124 reliqioa
857 3058 1068 3108 comide-

50 3141 128 3186 νέα
177 3138 300 3186 dans
351 3156 405 3187 sa
460 3156 623 3190 source
642 3179 655 3202 ,
703 3154 791 3192 etc.
842 3153 954 3196 tom.
999 3160 1034 3191 ιι
1050 3181 1064 3205 ,

51 3238 155 3286 pag.
176 3218 299 3283 242:
319 3220 598 3271 L'Histoire
611 3223 692 3272 des
710 3223 750 3270 J
750 3225 864 3290 uifh,
883 3224 1064 3288 scribit,

55 3311 207 3366 ayant
230 3307 300 3350 ete
336 3309 621 3370 recomposee
644 3305 701 3353 de
738 3324 956 3355 nouveau
974 3325 1071 3375 par

55 3383 109 3432 E
110 3384 246 3432 sdras
286 3390 299 3446 (
320 3396 370 3434 ut
407 3389 503 3451 ipse
539 3391 671 3451 gratis
714 3390 910 3438 affirmat
933 3393 946 3450 )
985 3392 1071 3454 qui

55 3467 169 3513 &tait
198 3466 255 3513 de
271 3483 380 3515 racc
410 3469 697 3518 sacerdotale
714 3508 728 3533 ‚
746 3480 792 3519 et
811 3474 898 3536 qui
909 3509 922 3534 ‚
944 3472 1068 3520 dans

57 3563 144 3595 son
162 3547 276 3608 zele,
293 3552 403 3615 aigi-i
413 3567 511 3616 par
523 3550 563 3599 le
575 3551 810 3612 malheur,
826 3556 1070 3619 exaqerait

58 3626 105 3676 la
140 3631 336 3678 severit&
363 3631 443 3679 des
472 3631 559 3680 lois
600 3633 657 3681 de
694 3634 884 3699 Maiae,
919 3635 985 3684 les
1012 3635 1070 3684 li-

1142 1683 1246 1714 ores
1288 1666 1497 1716 hebreum
1534 1667 1708 1715 darent
1749 1684 1798 1716 se
1826 1673 2056 1735 penetrer
2092 1668 2152 1717 de

1139 1747 1325 1814 l'esprit
1350 1748 1642 1810 sacerdotal,
1669 1760 1757 1799 etc.

1209 1832 1278 1894 (2)
1315 1831 1453 1880 Cons.
1482 1832 1639 1879 Lettre
1661 1832 1718 1880 de
1754 1829 1827 1881 M.
1858 1831 2042 1894 Laod,
2079 1835 2152 1881 ci-

1142 1912 1316 1963 deoant
1329 1914 1548 1960 ministre
1567 1913 1599 1961 ὰ
1617 1913 2149 1974 Conde—sur-Noireau‚

1141 1994 1173 2042 ὰ
1208 2011 1279 2042 ses
1305 1996 1503 2043 enciens
1525 1995 1973 2060 co-reliqionnaires
1991 2036 2009 2058 ,
2026 1996 2153 2045 Paris

1150 2073 1308 2138 18233
1338 2080 1386 2125 in
1413 2094 1504 2143 qua
1534 2080 1652 2127 inter
1687 2089 1832 2127 cetera
1860 2081 2154 2127 invictissime

1141 2159 1373 2219 ostendit,
1429 2158 1735 2209 Protestantes
1777 2178 1829 2209 ex
1873 2164 1965 2209 suis
2020 2163 2151 2226 prin-

1140 2241 1270 2304 cipiis
1308 2259 1404 2289 non
1440 2260 1571 2306 posse
1607 2242 1836 2292 affirmare
1870 2253 1949 2291 aut
1980 2245 2030 2291 in
2061 2261 2155 2310 quo

1142 2324 1357 2371 consistat
1383 2341 1490 2372 vera
1529 2325 1673 2385 fides,
1707 2335 1785 2373 aut
1814 2326 1926 2392 quid
1966 2327 2058 2373 sint
2082 2326 2156 2373 hi-

1142 2403 1267 2464 blia,
1309 2407 1419 2471 quia
1455 2406 1618 2454 eadem
1667 2410 1850 2456 ratione
1891 2425 1982 2473 qua
2017 2410 2155 2472 primi

1143 2486 1464 2536 reformatores
1488 2505 1513 2536 e
1545 2505 1782 2536 sacrorum
1813 2489 2038 2538 librorum
2067 2507 2159 2539 nu-

1145 2585 1271 2616 mero
1300 2570 1476 2634 aliquot
1493 2581 1812 2634 expunxerunt
1830 2606 1845 2630 ,
1879 2571 2040 2619 eodem
2053 2574 2156 2636 jure

1144 2659 1190 2698 et
1227 2667 1281 2697 ex
1320 2650 1484 2699 eodem
1519 2653 1742 2715 principio
1770 2653 1967 2717 quisque
2009 2661 2156 2715 potest

1147 2729 1258 2777 alios
1301 2740 1347 2778 et
1391 2731 1503 2779 alios
1541 2749 1830 2796 expungere,
1871 2734 2002 2796 quin·
2028 2734 2156 2797 argui

1146 2813 1288 2875 possit
1304 2848 1316 2870 ‚
1334 2812 1405 2860 vel
1419 2812 1515 2859 tolli
1532 2830 1557 2860 e
1572 2830 1763 2861 numero
1782 2813 2157 2876 Protestantium,

1148 2909 1254 2940 cum
1282 2896 1345 2940 ita
1374 2910 1422 2941 se
1450 2904 1572 2957 gerat
1610 2909 1665 2942 ex
1690 2894 1941 2960 subjective
1968 2912 2156 2961 persua-

1147 2977 1276 3023 sione
1314 2985 1359 3023 et
1395 2977 1528 3040 juxta
1572 2974 1859 3033 libertatem,
1891 2995 1981 3043 qua
2018 2979 2157 3043 primi

1150 3056 1467 3105 reformatores
1498 3060 1568 3106 usi
1593 3068 1732 3118 sunt,
1768 3068 1906 3124 prout
1938 3061 2083 3124 reipsa
2110 3076 2157 3108 se

1151 3155 1199 3187 se
1230 3149 1511 3204 gresserunt‚
1541 3150 1594 3188 ut
1620 3141 1822 3189 vidimus
1840 3178 1853 3201 ,
1878 3139 2040 3190 biblici
2058 3159 2158 3206 pro-

1151 3231 1386 3273 testantes.
1407 3220 1554 3288 Atque
1574 3223 1652 3272 hic
1671 3223 1818 3273 obiter
1839 3224 2158 3288 praevenienda

1151 3314 1218 3353 est
1240 3304 1485 3353 difficultas
1503 3342 1516 3364 ,
1535 3321 1637 3372 quae
1659 3305 1798 3372 objici
1810 3316 1976 3372 posset,
1993 3322 2162 3371 nempe

1154 3388 1292 3434 etiam
1343 3389 1462 3435 inter
1492 3386 1751 3437 Catholicos
1790 3391 1989 3437 extitisse
2021 3398 2160 3453 atque

1149 3478 1301 3517 extare
1325 3485 1421 3516 non
1455 3458 1647 3535 paucos,
1673 3472 1754 3537 qui
1777 3488 1873 3519 non
1896 3472 2048 3518 minus
2076 3468 2163 3516 ab·

1149 3551 1285 3599 surda
1317 3554 1437 3602 circa
1461 3552 1727 3618 religionem
1754 3569 1809 3601 ac
1834 3568 1982 3601 sacros
2012 3549 2160 3599 libros

1151 3634 1467 3700 protulerunt,
1495 3653 1583 3685 nec
1616 3646 1772 3688 tamen
1796 3637 1989 3686 istorum
2024 3631 2160 3682 aber-
