2554 4140
313 142 434 203 288

940 161 1021 198 'DE
1069 161 1213 200 VERA
1256 161 1376 199 REI..
1428 163 1559 204 ADV.
1609 160 1809 203 HETER.

403 311 537 371 189.
594 305 677 366 Ad
703 307 786 364 2¹1¹
807 350 824 379 ,
856 307 1018 366 Dist.
1055 306 1192 366 Una
1218 306 1293 365 sit
1326 308 1567 367 nomine
1599 329 1663 366 ac
1697 309 2001 388 negative,
2042 320 2266 380 tran3.;
2290 335 2352 373 re
2381 324 2440 373 et

316 406 560 486 positive
581 448 597 476 s
635 425 765 481 neq.
796 401 915 460 Nisi
946 401 1089 461 velis
1129 401 1237 460 sub
1266 403 1434 461 unica
1458 402 1574 462 fide
1596 414 1788 462 totum
1819 404 2085 462 omnium
2115 409 2444 468 contradic-

314 502 543 560 tionum
577 496 881 557 cumulum
918 497 1447 580 comprehendere3
1484 511 1550 557 ut
1585 499 1631 557 si
1665 500 1793 580 quis
1818 498 1971 559 dicat
2002 522 2013 557 :
2064 500 2339 562 Christus
2361 515 2446 563 est

312 602 472 655 Deus
494 640 509 668 ,
541 593 689 654 alter
724 615 866 653 vero
903 616 916 652 ε
973 595 1248 654 Christus
1278 616 1396 653 non
1428 606 1511 653 est
1541 596 1740 671 Deus,
1778 594 1903 654 haec
1936 594 2138 655 eadem
2179 595 2321 655 fides
2353 610 2441 657 est

312 690 559 773 ideoque
590 688 765 749 ambo
796 689 1064 749 eamdem
1094 689 1272 749 fidem
1310 692 1655 772 profitemur
1674 736 1689 764 7
1720 701 1779 749 et
1814 690 2057 749 Ecclesia
2092 703 2288 750 nostra
2328 713 2443 753 una

314 799 433 864 est3
465 799 522 847 et
548 787 628 846 sic
667 786 892 846 dicatur
920 785 993 846 de
1018 787 1222 845 ceteris
1262 785 1534 845 omnibus
1570 787 1849 846 articulis,
1894 789 2085 861 Quare
2120 810 2274 870 saepe
2304 810 2445 870 pro-

319 885 508 944 vocati
541 885 936 942 protestantes
959 928 974 956 7
1018 881 1093 940 ad
1129 902 1505 940 communem
1539 882 1674 942 fidei
1700 883 2116 964 professionem
2153 883 2445 944 edendam
2515 942 2526 949 ,

313 1002 620 1062 nunquam
653 977 863 1037 adduci
900 987 1223 1059 potuerunt
1251 977 1326 1036 ad
1347 977 1408 1037 id
1437 978 1834 1060 praestandum
1855 1025 1870 1054 ‚
1904 980 2015 1038 nisi
2042 980 2177 1061 quia
2205 1002 2275 1040 ex
2311 982 2447 1038 Pro-

313 1075 672 1136 testantismi
697 1073 1082 1132 fundamento
1105 1072 1218 1131 hoc
1241 1083 1330 1132 est
1355 1073 1494 1153 ipsis
1527 1073 1931 1154 impossibile?
1959 1076 2017 1134 Si
2050 1077 2210 1135 enim
2236 1073 2448 1135 funda-

314 1183 587 1232 mentum
626 1192 693 1230 ac
738 1170 863 1250 ipsa
902 1179 1114 1227 natura
1159 1179 1218 1227 et
1254 1168 1506 1227 essentia
1548 1169 2049 1247 Protestantismi‚
2096 1183 2162 1230 ut
2211 1174 2446 1230 Protes-

314 1278 511 1327 tantes
545 1286 696 1348 saepe
723 1263 967 1346 professi
999 1274 1137 1323 sunt
1159 1309 1175 1338 ‚
1201 1264 1466 1323 consistit
1491 1264 1557 1322 in
1583 1262 2043 1345 independentia
2067 1266 2330 1346 religiosa
2352 1268 2448 1326 in·

315 1361 600 1423 dividuali
626 1362 689 1420 in
720 1360 960 1420 materia
997 1358 1169 1434 fidei,
1209 1358 1366 1419 clare
1395 1370 1560 1442 patet
1580 1405 1596 1434 a
1625 1359 1985 1441 impossibile
2015 1363 2257 1421 omnino
2284 1383 2407 1422 esse
2426 1409 2443 1438 .,

313 1471 380 1519 ut
408 1460 533 1541 ipse
559 1458 740 1540 possit
775 1478 955 1516 unam
997 1455 1215 1516 habere
1259 1456 1477 1531 fidem,
1524 1457 1643 1515 imo
1685 1477 1794 1515 nec
1835 1457 2015 1516 fidem
2058 1457 2246 1538 ipsam
2268 1503 2284 1533 ,
2313 1479 2448 1518 cum

314 1555 458 1614 fides
479 1555 542 1613 in
568 1554 679 1613 hoc
703 1563 1017 1635 systemate
1036 1574 1158 1611 non
1173 1551 1432 1635 pendeat
1458 1552 1569 1611 nisi
1594 1574 1627 1610 a
1651 1551 1971 1630 subjectiva
1994 1555 2448 1636 uniuscujusque

313 1651 719 1735 persuasione,
763 1671 892 1732 quae
926 1659 986 1708 et
1021 1648 1327 1709 individua
1368 1660 1489 1724 est,
1528 1648 1715 1707 fallax,
1747 1661 1923 1730 atque
1964 1650 2326 1709 inconstans,
2363 1651 2446 1709 Ex

313 1770 431 1830 quo
450 1747 711 1829 sequitur
729 1791 746 1821 ‚
777 1767 897 1804 non
922 1743 1096 1804 aliam
1111 1745 1175 1803 in
1201 1744 1682 1804 Protestantismo
1705 1745 1947 1826 reperiri
1969 1766 2137 1826 posse
2162 1746 2451 1805 unitatem

315 1843 428 1901 nisi
467 1842 837 1922 negativam,
886 1861 1014 1923 quae
1063 1840 1279 1900 scilicet
1321 1840 1589 1900 consistit
1630 1842 1693 1899 in
1735 1841 2045 1920 negatione
2086 1840 2222 1902 fidei
2267 1846 2451 1921 cujus-

316 1961 592 2022 cumque.

403 2035 541 2095 190.
595 2036 679 2096 Ad
718 2035 800 2096 31¹¹
823 2081 838 2111 ‚
877 2036 1030 2117 Ney.
1074 2035 1353 2099 vindicari
1390 2035 1568 2096 etiam
1593 2034 1700 2094 hac
1725 2035 1954 2094 ratione
1989 2057 2156 2118 posse
2192 2034 2325 2095 fidei
2358 2035 2451 2097 vel

317 2132 576 2192 Ecclesiae
629 2131 919 2191 unitatem
948 2177 963 2206 7
1024 2132 1145 2192 sive
1200 2133 1312 2191 tria
1364 2143 1711 2212 argumenta
1757 2154 1789 2191 a
1834 2133 2141 2191 Tittmann
2200 2131 2450 2193 adducta

318 2228 556 2285 seorsim
583 2273 598 2300 .,
654 2228 775 2289 sive
820 2226 996 2285 simul
1051 2239 1381 2288 sumantur.
1431 2230 1565 2287 Non
1609 2228 1822 2287 sufficit
1863 2229 1948 2310 a)
2001 2227 2159 2309 quod
2204 2227 2451 2288 Ecclesia

317 2334 649 2405 protestans
666 2323 883 2382 habeat
904 2325 1266 2405 Scripturam
1290 2345 1517 2382 sacram
1542 2346 1649 2406 pro
1672 2325 1844 2382 unico
1868 2323 2239 2383 revelationis
2263 2323 2447 2397 fonte3

318 2418 578 2500 alioquin
593 2419 884 2478 Sociniani
902 2431 960 2478 et
980 2418 1371 2492 Methodistae7
1390 2420 1639 2478 Unitarii
1658 2441 1884 2493 omneS‚
1913 2419 2312 2493 rationalistae‚
2331 2430 2445 2478 etc.

319 2516 422 2597 qui
474 2516 671 2575 omnia
713 2514 984 2594 dogmata
1027 2515 1337 2594 rejiciunt,
1390 2516 1513 2575 sive
1557 2515 1855 2573 Trinitatis
1881 2560 1896 2588 ‚
1942 2516 2064 2575 sive
2111 2514 2448 2574 Divinitatis

321 2611 574 2686 Christi,
623 2611 1083 2685 IncarnationiS‚
1138 2611 1596 2670 transmissionis
1640 2611 1860 2692 peccati
1902 2609 2222 2688 originalis,
2279 2609 2448 2670 realis

320 2706 538 2766 Christi
567 2707 887 2789 praesentiae
913 2751 929 2781 ,
964 2718 1073 2767 etc.
1106 2706 1533 2767 constituerent
1577 2728 1759 2766 unam
1789 2704 2131 2781 Ecclesiam,
2172 2718 2232 2765 et
2265 2706 2451 2788 profi-

318 3025 516 3071 rationes
547 3023 747 3072 adscribi
775 3043 906 3090 posse
927 3044 1009 3075 seu
1031 3028 1247 3089 imputari
1262 3028 1348 3077 're-

319 3106 480 3169 ligioni
507 3106 740 3155 catholicae
761 3145 773 3167 ‚
806 3111 873 3157 sic
900 3127 926 3157 a
957 3111 1053 3173 pari
1084 3109 1348 3158 Protestan·

320 3190 457 3235 tismo
493 3189 714 3253 imputari
759 3201 855 3239 non
901 3208 1034 3256 posse
1061 3194 1348 3256 privatorum

319 3269 644 3319 deliramenta.
667 3271 956 3337 Reponimus
989 3275 1115 3322 enim
1142 3312 1155 3333 ‚
1184 3277 1347 3339 ingens

321 3369 418 3401 esse
438 3351 690 3402 discrimen
718 3356 838 3403 inter
869 3355 1128 3404 Catholicos
1151 3366 1194 3404 et
1229 3356 1346 3405 Pro-

321 3440 581 3496 testantos;
613 3435 682 3483 illi
714 3440 839 3484 enim
870 3450 1015 3504 agunt
1041 3446 1209 3487 contra
1241 3457 1347 3503 pro-

320 3519 431 3582 priae
457 3516 689 3581 religionis
710 3521 933 3584 principia
950 3559 961 3579 ‚
994 3537 1097 3585 quae
1118 3521 1347 3587 ejusmodi

321 3599 625 3648 deliramenta
655 3601 898 3665 proscribit
923 3613 968 3651 et
998 3606 1190 3652 damnat
1214 3643 1228 3665 ‚
1274 3620 1346 3652 re-

319 3682 486 3731 sistunt
510 3684 798 3741 auctoritati,
826 3694 938 3744 etc„
964 3696 1010 3734 at
1041 3687 1348 3738 Protestantes

1433 3037 1574 3092 agunt
1593 3043 1650 3075 ex
1663 3026 2019 3092 reformationis
2031 3027 2305 3093 principiis
2325 3066 2340 3089 ,
2359 3044 2450 3076 na-

1430 3118 1543 3157 tura
1574 3118 1620 3157 et
1643 3112 1847 3157 essentia
1866 3149 1878 3169 ‚
1905 3127 2007 3176 quae
2031 3113 2239 3158 consistit
2262 3149 2274 3169 ,
2301 3121 2352 3158 ut
2380 3121 2453 3159 to-

1434 3195 1519 3241 ties
1547 3194 1748 3242 diximus
1767 3232 1779 3252 ,
1807 3197 1855 3240 in
1878 3197 1984 3260 jure
2015 3194 2243 3242 examinis
2268 3197 2453 3259 spiritus

1432 3278 1631 3341 privati,
1663 3278 1712 3323 in
1738 3277 2095 3340 independentia
2117 3296 2140 3325 a
2175 3293 2453 3342 quacunque

1431 3361 1732 3420 auctoritate3
1764 3368 1808 3407 et
1842 3360 2032 3423 proinde
2054 3377 2191 3407 nemo
2217 3357 2288 3424 jus
2314 3358 2454 3406 habet

1431 3444 1542 3489 istos
1567 3443 1729 3489 erroris
1752 3443 1969 3505 arguendi
1990 3477 2003 3501 ‚
2028 3452 2184 3489 contra
2214 3440 2381 3489 accidit
2402 3441 2452 3486 in

1431 3528 1763 3573 communione
1799 3527 2021 3575 catholica
2043 3565 2055 3587 ‚
2107 3526 2236 3591 cujus
2289 3523 2452 3571 funda·

1431 3617 1643 3656 mentum
1668 3617 1735 3655 est
1752 3610 2030 3675 principium
2057 3607 2335 3658 auctoritatis
2362 3605 2451 3653 Ec·

1432 3689 1579 3738 clesiae
1596 3690 1823 3741 docentis.
