2554 4140
2082 229 2205 270 XVII

184 363 274 420 19.
323 364 511 433 Quum
567 384 703 420 vero
750 359 1068 440 gravissimi
1119 369 1293 439 atque
1340 363 1711 424 eruditissimi
1774 367 1887 427 viri
1954 388 2193 451 magnos

100 457 525 517 exantlaverint
563 456 784 515 labores
809 452 884 512 ad
908 452 1246 532 religionem
1278 464 1452 535 atque
1484 459 1836 531 ‘catholicam
1874 461 2198 524 doctrinam

98 551 610 632 propugnandam,
647 549 768 608 sive
792 568 861 606 ex
895 547 1146 627 antiquis
1180 548 1301 606 sive
1340 569 1410 606 ex
1450 553 1864 613 recentioribus
1899 558 2196 639 scriptori-

98 645 206 704 bus
240 668 362 704 non
391 640 831 722 dedignabimur
871 660 941 700 ex
970 640 1226 722 probatis
1263 641 1546 720 ejusmodi
1579 643 1834 705 fontibus
1874 671 2054 731 aquas
2094 651 2202 712 de-

98 741 286 801 rivare
308 740 382 799 ad
407 736 667 796 hortulos
692 747 919 795 nostros
946 736 1268 815 irrigandos
1285 780 1301 810 ,
1331 757 1542 817 eosque
1567 758 1670 795 suo
1699 737 1824 796 loco
1853 761 1986 802 cum
2007 744 2198 807 debita

96 834 268 894 laude
301 830 914 907 commemorabimuS‚
956 830 1113 912 quod
1151 830 1381 890 lubenti
1409 831 1628 912 pariter
1662 832 1859 891 animo
1895 849 2200 916 praestare-

99 951 227 987 mus
255 948 385 1005 erga
409 925 767 984 institutores
797 938 1023 985 nostros
1045 972 1060 1000 .,
1089 944 1338 1007 quorum
1362 947 1542 1007 opera
1586 927 1673 985 usi
1709 949 1906 987 sumus
1925 973 1941 1003 ‚
1978 931 2025 989 si
2049 935 2200 1014 typis

99 1022 339 1102 vulgatae
368 1031 561 1080 essent
583 1042 783 1080 eorum
818 1020 1269 1080 lucubrationes,

116 1199 121 1206 Ι
173 1115 275 1173 20.
323 1117 408 1174 Ne
446 1137 585 1175 vero
628 1116 690 1174 in
727 1137 832 1174 nos
867 1117 1046 1174 etiam
1087 1114 1253 1174 cadat
1286 1137 1351 1176 ea
1386 1118 1522 1178 satis
1566 1120 1888 1178 communis
1932 1121 2203 1202 querela,

96 1211 253 1293 quod
287 1211 500 1270 scilicet
540 1212 735 1270 minus
772 1223 967 1272 exacte
998 1223 1172 1293 atque
1206 1225 1465 1274 accurate
1509 1215 1858 1297 scriptorum
1892 1216 2017 1276 loca
2055 1217 2207 1279 refe·

95 1318 306 1365 runtur
323 1351 339 1381 ‚
373 1305 525 1365 hanc
548 1306 716 1365 nobis
734 1306 920 1386 legem
947 1308 1349 1367 constituimus
1372 1320 1573 1370 sancte
1588 1310 1937 1377 servandam
1951 1310 2026 1371 de
2041 1311 2206 1371 nullo

95 1423 391 1482 unquam3
436 1402 628 1483 quoad
665 1401 888 1460 licuerit
908 1447 923 1475 ,
970 1401 1200 1460 citando
1246 1414 1478 1464 auctore
1498 1449 1514 1478 ,
1562 1426 1737 1486 quem
1775 1405 1951 1464 oculis
1991 1407 2207 1467 nostris

94 1497 335 1555 minime
355 1496 775 1578 inspexerimus
790 1540 806 1570 ,
831 1495 1167 1555 adnotando
1182 1543 1198 1571 ,
1225 1498 1274 1555 si
1297 1519 1440 1580 opus
1457 1499 1631 1558 fuerit
1651 1545 1667 1573 ‚
1694 1500 2012 1560 editionem
2031 1501 2208 1561 etiam

96 1612 207 1671 qua
238 1590 326 1648 usi
351 1611 571 1648 sumus,
609 1590 778 1663 Quod
811 1590 857 1648 si
889 1589 1067 1650 libros
1092 1590 1244 1672 ipsos
1274 1591 1350 1650 ad
1379 1614 1586 1651 manus
1617 1592 1833 1653 habere
1857 1593 2207 1677 quandoque

95 1682 262 1742 nobis
303 1706 423 1743 non
468 1683 699 1758 licebit7
738 1685 1122 1745 indicabimus
1150 1686 1360 1746 saltem
1396 1698 1694 1747 auctorem
1716 1733 1732 1761 ,
1775 1692 1935 1766 cujus
1976 1689 2090 1749 fide
2113 1689 2208 1750 in-

18 1830 35 1837 -
94 1780 248 1852 nixi,
281 1779 571 1857 velcujus
609 1781 948 1839 auctoritate
973 1791 1071 1838 aut
1101 1779 1421 1840 rationibus
1459 1781 1549 1839 usi
1581 1782 1878 1841 fuerimus,

172 1876 273 1936 21.
325 1876 511 1955 Atque
553 1874 660 1933 ista
702 1876 764 1931 in
810 1896 1020 1954 genere
1058 1874 1130 1934 de
1169 1875 1259 1932 his
1296 1873 1552 1958 fontibus
1594 1874 1876 1936 delibasse
1914 1877 2207 1950 sufficiat3

93 1968 194 2028 ubi
234 1970 296 2026 in
334 1969 523 2049 operis
558 1969 718 2026 enim
756 1969 1003 2028 decursu
1043 1969 1118 2028 de
1155 1968 1360 2028 iisdem
1398 1960 1656 2050 specialis
1692 1970 1914 2030 mentio
1961 1971 2061 2030 fiet
2088 2014 2104 2045 ,
2151 1982 2212 2031 et

95 2085 165 2122 ex
197 2062 464 2142 'professo
520 2063 582 2120 in
631 2073 885 2121 tractatu
935 2062 1007 2121 de
1058 2063 1216 2121 Locis
1273 2061 1604 2141 theologicis
1659 2084 1849 2125 sermo
1903 2075 2163 2123 occurret
2190 2109 2206 2138 .‚

97 2157 454 2236 singulorum
479 2155 780 2235 theologiae
807 2156 1068 2214 locorum
1110 2155 1518 2215 auctoritatem
1547 2154 1943 2237 expendemus
1979 2178 2045 2217 ac
2075 2145 2206 2220 ‘vin-

95 2249 436 2310 dicabimUS.

1060 2416 1093 2493 g
1157 2415 1255 2473 111.

741 2640 1032 2678 METRODUS
1074 2640 1146 2677 ΕΤ
1186 2639 1525 2678 ῙΝΒΤῙΤΠΤΠΜ
1534 2663 1544 2675 .

171 2822 270 2878 22.
321 2821 623 2882 Diversam
679 2819 1027 2879 methodum
1083 2840 1190 2901 pro
1242 2817 1515 2897 subJ‘ectae
1565 2816 1824 2881 materiae
1875 2815 2214 2879 diversitate

98 2935 321 2996 proque
361 2914 519 2974 varia
556 2913 1023 2974 adversariorum
1061 2912 1257 2973 indole
1301 2911 1697 2972 adhibendam
1730 2931 1855 2971 esse
1895 2911 1962 2970 in
2001 2911 2215 2972 harum

97 3009 534 3092 praelectionum
589 3007 866 3082 decursu,
916 3031 987 3068 ex
1032 3008 1197 3069 dictis
1246 3017 1613 3088 compertum
1650 3016 1757 3065 est.
1809 3004 1959 3065 Illud
2014 3017 2216 3068 tamen

99 3103 396 3177 addimuS‚
449 3102 608 3184 quod
648 3114 871 3184 spectat
910 3102 983 3162 ad
1020 3102 1264 3185 speciale
1312 3100 1461 3160 illud
1502 3100 1871 3183 propositum
1898 3145 1914 3175 ,
1959 3100 2116 3182 quod
2150 3101 2215 3160 in

100 3199 292 3256 animo
316 3197 484 3258 nobis
522 3209 641 3272 est,
680 3197 859 3256 talem
893 3219 1107 3279 nempe
1141 3196 1556 3256 tractationum
1595 3195 1805 3255 seriem
1844 3193 2165 3255 exhibendi
2193 3241 2210 3272 7

105 3291 286 3372 qualis
319 3292 616 3373 theologiae
643 3293 900 3351 tironum
936 3293 1129 3373 captui
1167 3290 1603 3351 accommodata
1630 3290 1724 3347 sit.

183 3385 282 3443 23.
331 3387 516 3458 Quare
537 3388 600 3445 in
622 3386 912 3446 scribendi
939 3386 1164 3445 ratione
1192 3407 1322 3445 eam
1347 3382 1694 3445 methodum
1718 3380 2212 3457 consectabimur‚

107 3499 235 3559 quae
264 3489 322 3538 et
347 3477 554 3539 idonea
577 3481 652 3539 sit
678 3480 753 3539 ad
777 3480 1117 3540 eorumdem
1139 3480 1398 3539 tironum
1422 3478 1650 3558 ingenia
1678 3477 1742 3535 in
1772 3476 1860 3535 his
1889 3474 2208 3557 disciplinis

104 3584 238 3653 apte
276 3573 642 3634 informanda
671 3620 687 3649 ‚
724 3586 784 3634 et
820 3575 1060 3657 privatis
1092 3595 1155 3632 ac
1195 3573 1436 3657 publicis
1468 3567 1990 3632 concertationibus
2014 3613 2031 3644 ‚
2081 3588 2208 3651 quae

104 3667 248 3748 ipsis
268 3668 512 3747 ingeniis
536 3668 862 3730 excolendis
889 3668 1212 3751 plurimum
1240 3668 1548 3731 conferunt
1573 3712 1590 3742 7
1624 3666 1923 3728 inserviat.

1886 3759 1925 3817 l>
