2554 4140
374 141 460 199 20
1037 155 1105 192 mi
1148 153 1295 196 VERA
1338 155 1465 193 nm..
1514 156 1648 196 Anv.
1699 157 1853 195 mon.

380 306 501 366 sive
533 303 832 364 defunctos
864 308 931 356 ut
958 298 1201 357 numina
1243 300 1508 358 venerati
1544 311 1683 357 sunt
1723 300 1850 380 (l)3
1893 300 2066 360 mitto
2107 302 2180 362 de
2220 303 2458 386 reliquis
2487 349 2502 379 7

381 401 598 484 quippe
625 406 765 454 nota
792 393 1034 453 historia
1060 405 1148 453 est
1179 405 1237 453 et
1265 393 1609 475 pervulgata
1639 394 1797 477 apud
1830 417 2055 454 omneS.

463 494 559 552 56.
605 489 983 572 Exploratum
1023 490 1246 572 pariter
1282 488 1567 549 habemus
1608 491 1869 554 ethnicas
1914 504 2114 571 gentes
2166 494 2511 575 cupiditates

378 601 436 650 et
471 588 611 648 vitia
659 586 855 645 omnia
893 586 1002 644 diis
1041 587 1156 644 suis
1202 584 1504 659 tribuisse,
1563 607 1778 669 eosque
1826 588 2215 669 cupiditatum
2248 591 2515 648 omnium

377 696 554 766 atque
588 683 863 743 vitiorum
906 693 1184 764 patronos
1219 680 1550 741 exhibuisse
1575 728 1590 757 7
1634 683 1721 741 uti
1754 682 1946 763 ¹legere
1970 696 2057 743 est
2100 684 2259 767 apud
2288 696 2514 745 veteres

375 787 575 863 poetas
598 824 612 853 7
652 780 976 837 Homerum
1003 777 1330 858 praesertim
1365 788 1424 835 et
1449 777 1773 858 Virgilium.

459 875 559 935 57.
610 875 852 934 Certum
883 874 1139 955 denique
1177 884 1265 932 est
1304 871 1529 931 cultum
1561 895 1800 933 omnem
1834 873 2206 934 ethnicorum
2227 922 2241 950 7
2289 875 2516 936 obscoe-

374 993 481 1031 nas
526 970 740 1050 effigies
769 969 858 1050 (2)
879 1015 893 1044 7
926 969 1068 1029 festa
1103 967 1191 1046 (3)
1212 1014 1227 1043 7
1260 968 1532 1028 sacrificia
1552 1014 1567 1042 7
1601 969 1664 1026 in
1689 968 1900 1051 quibus
1934 993 2056 1030 non
2093 993 2263 1031 cruor
2283 983 2517 1032 tantum

374 1067 479 1128 sed
515 1078 574 1127 et
607 1066 732 1149 ipse
760 1064 951 1147 pudor
990 1063 1423 1123 sacrificabatur
1465 1063 1760 1124 humanus
1790 1065 1883 1147 (4)
1904 1112 1918 1141 7
1959 1069 2275 1127 numinum
2315 1082 2475 1150 gesta
2497 1116 2513 1145 7

373 1173 656 1244 praeterea
686 1160 909 1243 templa
944 1159 1032 1241 (5)
1056 1206 1070 1234 7
1109 1160 1255 1218 ritus
1286 1159 1516 1241 aliaque
1545 1161 1743 1219 omnia
1764 1206 1781 1234 7
1825 1183 1955 1243 quae
1980 1163 2055 1223 ad
2090 1165 2315 1224 cultum
2349 1186 2518 1247 spec-

374 1258 582 1318 tabant
613 1257 709 1320 vel
740 1255 1146 1316 referebantur
1165 1302 1181 1331 7
1219 1278 1342 1314 non
1368 1255 1541 1314 fuisse
1566 1257 1676 1314 nisi
1712 1255 2015 1338 publicum
2045 1272 2518 1343 perpetuumque

373 1353 661 1413 scelerum
698 1373 1204 1435 quorumcumque
1244 1363 1304 1411 et
1342 1350 1699 1431 flagitiorum
1743 1353 2227 1430 irritamentum;
2266 1356 2411 1417 adeo
2449 1368 2516 1416 ut

375 1448 602 1509 cultum
626 1448 915 1527 ejusmodi
951 1469 1088 1510 vere
1119 1447 1333 1507 dixeris
1372 1448 1650 1507 vitiorum
1678 1449 1947 1508 omnium
1984 1451 2352 1532 apotheosin.
2385 1453 2519 1512 Non

373 1556 568 1626 potest
613 1545 757 1627 quin
798 1554 1237 1605 commoveatur
1290 1543 1487 1602 animo
1527 1555 1587 1603 et
1626 1554 1749 1603 toto
1795 1566 2036 1627 corpore
2069 1546 2512 1628 perhorrescat,

376 1641 636 1723 quisquis
662 1640 816 1720 legat
840 1685 856 1715 7
892 1661 1022 1722 quae
1057 1638 1217 1721 apud
1243 1638 1543 1720 Originem
1578 1639 1702 1721 (6),
1743 1640 2170 1700 Tertullianum
2208 1642 2298 1724 (7)
2326 1687 2344 1715 7
2390 1642 2518 1703 Cle-

373 1747 643 1796 mentem
692 1735 1158 1796 Alexandrinum
1213 1734 1304 1813 (8)
1361 1744 1421 1793 et
1464 1736 1834 1795 Lactantium
1887 1737 1979 1818 (9)
2027 1736 2100 1796 de
2148 1738 2405 1798 cruentis
2457 1748 2517 1798 et

376 1830 668 1893 obscoenis
716 1829 1003 1910 ejusmodi
1052 1828 1565 1911 superstitionibus
1610 1831 1947 1891 referuntur
1985 1833 2135 1912 (10).

451 2096 519 2159 (1)
557 2095 607 2145 S.
647 2095 839 2161 August.
886 2094 967 2143 De
1007 2094 1114 2143 Cio.
1146 2093 1250 2142 Dei
1280 2094 1318 2142 l.
1353 2110 1408 2142 u.

378 2195 488 2244 cap.
519 2177 610 2227 15.

453 2259 519 2324 (2)
559 2259 687 2310 Ibid.
709 2259 750 2311 l.
777 2274 844 2308 vu
866 2295 879 2318 ‚
897 2275 1003 2324 cap.
1024 2274 1080 2306 21
1096 2293 1108 2307 .
1133 2257 1272 2306 Conf.
1289 2260 1415 2305 insu·

383 2359 466 2407 per
516 2342 657 2391 Bern.
713 2341 1021 2390 Montfaucon
1039 2376 1056 2403 ‚
1108 2341 1414 2405 L’antiquite

386 2423 635 2491 expliquee
664 2432 710 2471 et
750 2427 1040 2489 representee
1085 2440 1145 2470 en
1188 2423 1372 2487 fiqures
1395 2458 1409 2483 7

384 2505 543 2567 Paris,
581 2522 707 2573 ¹7¹9
730 2544 743 2565 7
773 2516 894 2554 tom.
920 2522 937 2552 1
961 2515 1007 2554 et
1042 2522 1096 2553 11.

457 2587 526 2652 (3)
560 2587 704 2639 Conf.
736 2587 785 2636 S.
804 2589 1000 2652 August.
1024 2587 1114 2636 loc.
1133 2589 1214 2636 cit.
1235 2597 1278 2635 et
1299 2586 1410 2636 alibi

389 2674 557 2739 passim
574 2708 590 2735 7
618 2689 820 2721 necnon
850 2671 1155 2720 Montfaucon
1174 2706 1188 2730 ,
1220 2688 1298 2736 op.
1327 2672 1409 2719 cit.

389 2766 508 2804 tom.
535 2769 590 2804 11.

461 2837 531 2901 (4)
567 2835 705 2884 Conf.
742 2834 938 2901 Dionys.
968 2834 1331 2884 Hahearnassd.
1356 2848 1409 2896 13

391 2919 515 2968 Plin.
534 2919 568 2967 l.
592 2934 752 2977 xxvm,
778 2935 884 2982 cap.
911 2934 927 2964 1
952 2917 1150 2976 3C1eric.
1174 2918 1229 2964 in
1242 2924 1410 2965 annot.

392 3002 450 3051 ad
471 3001 557 3048 lib.
582 3016 600 3048 1
624 2999 833 3064 Hugonis
854 2998 999 3047 Grotii
1019 2998 1101 3046 De
1118 3000 1254 3047 verit.
1272 2997 1411 3063 reliq.

391 3082 560 3131 christ.
580 3099 595 3145 3
622 3080 672 3130 S.
694 3082 886 3147 August.
908 3098 979 3146 ep.
998 3097 1057 3147 91
1084 3115 1099 3132 .
1121 3081 1196 3130 ed.
1223 3081 1376 3129 Maur.
1396 3097 1411 3128 ε

393 3164 510 3214 Non
524 3180 634 3212 aves
645 3198 661 3224 ,
678 3179 776 3211 non
790 3162 1139 3229 quadrupedes,
1159 3179 1258 3211 non
1276 3163 1413 3211 deni-

392 3264 483 3313 que
501 3249 704 3311 sanquis
734 3246 980 3295 humanus
1000 3285 1013 3306 7
1035 3246 1117 3294 sed
1142 3246 1290 3295 multo
1314 3263 1413 3295 sce-

394 3328 559 3378 lestius
574 3329 739 3395 pudor
763 3329 1006 3379 humanus
1041 3328 1314 3378 immolatus
1337 3330 1412 3376 in-

393 3421 556 3461 tereat.

464 3496 533 3558 (5)
558 3495 671 3543 Haec
693 3496 850 3543 omnia
867 3496 1092 3543 recensita
1116 3497 1286 3560 pariter
1304 3504 1414 3543 sunt

1497 2093 1580 2142 lib.
1616 2108 1631 2143 ι
1662 2105 1763 2144 tum
1799 2097 1857 2144 ad
1884 2098 1967 2145 lib.
1995 2114 2049 2146 11.

1565 2177 1636 2241 (6)
1654 2177 1709 2225 In
1722 2178 1804 2226 lib.
1825 2177 2007 2227 Contra
2023 2178 2234 2241 Celsum,
2253 2184 2515 2245 praesertim

1499 2257 1587 2307 lib.
1628 2275 1676 2308 v.

1566 2345 1634 2407 (7)
1671 2344 1743 2392 In
1768 2343 1965 2412 Apoloq.
1990 2363 2094 2411 cap.
2128 2344 2188 2409 14
2204 2348 2311 2394 etin
2331 2345 2417 2395 lib.
2434 2343 2517 2394 De

1497 2423 1707 2476 Idolatr.
1739 2445 1844 2493 cap.
1885 2444 1900 2475 1
1936 2439 1982 2477 et
2004 2444 2140 2494 seqq.

1568 2510 1629 2574 (8)
1670 2510 1724 2557 In
1753 2510 2089 2559 Cohortatione
2117 2510 2183 2558 ad
2201 2519 2377 2576 qentes.

1567 2591 1635 2658 (9)
1672 2591 1743 2640 De
1770 2592 1872 2641 div.
1913 2594 2069 2642 instit.
2100 2593 2186 2641 lib.
2221 2611 2270 2655 1,
2318 2594 2399 2659 qui
2443 2594 2516 2640 in-

1497 2675 1713 2723 scribitur
1774 2675 1855 2724 De
1905 2675 2035 2740 falsa
2086 2675 2318 2741 reliqione
2342 2711 2355 2734 7
2411 2685 2515 2722 tum

1497 2759 1667 2821 passim
1687 2760 1737 2805 in
1754 2758 1855 2805 aliis
1874 2755 2148 2807 earumdem
2172 2759 2515 2805 institutionum

1498 2838 1647 2888 libris.
1679 2838 1770 2888 Sed
1791 2857 1882 2905 prae
1917 2842 2076 2889 ceteris
2112 2841 2186 2889 vel
2211 2842 2330 2887 inter
2359 2838 2515 2887 ethni-

1500 2938 1576 2969 cos
1602 2922 1760 2970 festive
1780 2959 1793 2981 ‚
1824 2932 1875 2969 ut
1891 2923 2036 2982 solet,
2061 2921 2181 2969 ridet
2211 2920 2446 2968 Lucienus
2465 2922 2514 2968 in

1500 3003 1667 3068 dialog.
1700 3002 1779 3051 De
1810 3004 2084 3067 sacrificiis·

1566 3076 1679 3148 (105
1698 3085 1833 3134 Conf.
1865 3083 2121 3133 Memoires
2136 3101 2269 3150 pour
2296 3086 2456 3133 servir
2484 3086 2516 3133 ὰ

1499 3166 1734 3216 ΙἸιίείοἰνο
1762 3168 1819 3215 de
1841 3167 1887 3215 la
1909 3167 2112 3232 religio-n
2132 3167 2303 3215 secrete
2326 3168 2407 3215 des
2427 3184 2515 3216 an-

1498 3252 1628 3298 ciens
1635 3250 1853 3317 peuples,·
1864 3267 1926 3298 ou
1935 3249 2223 3298 Recherehes
2230 3251 2518 3314 historiques

1499 3342 1543 3380 et
1568 3333 1795 3398 critiques
1822 3349 1909 3381 sur
1936 3332 2001 3380 les
2018 3335 2242 3398 myster-es
2277 3333 2344 3380 du
2357 3348 2512 3397 paya-

1499 3416 1655 3462 nisme
1673 3450 1691 3477 ,
1722 3433 1804 3480 par
1830 3415 1898 3464 Μ.
1917 3415 1961 3464 le
1993 3416 2143 3464 baron
2175 3416 2231 3464 de
2259 3414 2331 3462 5²⁶
2353 3412 2510 3463 Croix.

1498 3496 1623 3546 Paris
1643 3534 1658 3558 7
1697 3495 1844 3565 1784,
1879 3516 1907 3545 1.
1943 3498 2035 3549 vol.
2064 3495 2117 3547 8.
2147 3497 2229 3546 ubi
2262 3495 2512 3544 clarissimo

398 3594 425 3625 a
449 3576 610 3626 Grotio
632 3577 722 3626 loc.
746 3579 823 3625 cit.
851 3586 895 3625 et
911 3594 938 3625 a
960 3575 1139 3625 Clerico
1155 3579 1205 3625 in
1223 3578 1315 3626 suis
1333 3595 1409 3626 an·
1492 3581 1543 3628 in
1559 3579 1735 3629 lumine
1751 3590 1898 3631 totum
1913 3581 2001 3630 hoc
2015 3590 2337 3648 argumentum
2358 3580 2500 3644 ponit.

396 3669 496 3709 not.
542 3660 832 3714 documentis
877 3659 1174 3725 comprobata
1207 3670 1308 3710 tum
1349 3662 1408 3711 ad
