2554 4140
927 122 996 158 DE
1041 92 1189 160 VissssA
1236 124 1359 160 REI„
1411 123 1543 161 ADV.
1591 123 1744 162 mon.

275 106 303 163 1
313 103 389 162 48

265 269 329 328 in
367 268 554 327 officio
587 264 852 330 continet
887 284 984 322 eos
1017 264 1376 326 removendo
1413 264 1486 323 ab
1522 265 1623 324 illo
1672 277 1823 342 aestu,
1861 268 2189 332 inconsulto
2214 320 2230 349 7
2285 296 2433 356 quo,

264 363 492 442 sanguis
516 382 637 418 non
663 358 1017 435 effunditur,
1047 359 1148 419 sed
1172 361 1476 442 projicitur
1496 406 1512 436 7
1545 359 1857 444 hostesque
1883 376 1949 423 ut
1980 365 2187 427 fratres
2213 391 2402 449 agno-

264 479 419 519 scere
434 454 607 534 jubet
633 455 657 536 (
681 455 847 514 Conf.
883 456 1017 516 Luc.
1052 457 1131 514 111
1154 502 1168 531 7
1202 456 1275 514 14
1296 458 1339 536 ).
1370 458 1642 516 Ceterum
1672 470 1733 517 et
1763 458 1852 518 his
1881 463 2242 542 experientia
2269 486 2406 524 con-

267 555 512 615 trarium
553 555 807 627 evincit3
843 554 1263 612 Constantinus
1283 599 1301 627 7
1332 554 1721 631 Theodosius,
1751 557 1990 618 Carolus
2022 560 2100 620 M.
2120 606 2136 636 7
2164 559 2408 623 Ludovi-

264 674 363 712 cus
396 652 472 709 IX
492 696 508 724 7
534 651 821 710 Henricus
846 651 868 708 I
898 651 1256 731 Imperator,
1291 650 1622 732 Stephanus
1644 653 1952 733 Hungariae
1971 676 2072 714 rex
2089 699 2105 729 7
2132 657 2406 740 Princeps

264 747 546 807 Condoeus
565 791 581 821 7
614 746 904 826 Eugenius
927 744 1247 810 Sabaudus
1264 744 1479 827 aliique
1501 748 1799 807 innumeri
1822 771 1943 808 non
1968 751 2163 810 minus
2190 752 2407 834 pietate

264 866 442 927 quam
473 842 716 902 militari
754 841 935 922 gloria
974 841 1232 919 insignes
1268 839 1534 900 fuerunt.
1583 842 1649 901 30
1688 844 1954 926 Denique
1983 858 2230 927 negatur
2261 868 2407 907 con-

260 941 477 1001 secutio
497 986 512 1014 7
559 938 720 1021 quod
762 937 963 1019 religio
1012 936 1328 996 christiana
1383 935 1813 1000 formidabilem
1867 944 2189 1002 constituat
2228 966 2403 1003 suum

262 1039 600 1096 ministrum
622 1081 637 1108 7
678 1056 812 1092 cum
850 1055 974 1091 non
1012 1030 1338 1112 aliamipsi
1375 1030 1596 1091 tribuat
1629 1047 2020 1118 potestatem7
2063 1061 2242 1120 quam
2277 1062 2407 1122 quae

264 1136 327 1193 in
342 1131 790 1195 aedificationem
816 1140 905 1188 est
925 1173 940 1203 7
969 1126 1045 1186 ad
1067 1125 1319 1188 salutem
1339 1147 1555 1208 nempe
1576 1129 1909 1195 animarum
1929 1134 2364 1214 procurandam
2387 1181 2402 1210 7

264 1231 363 1312 qui
403 1228 478 1287 ad
509 1227 901 1286 imitationem
934 1223 1139 1305 capitis
1163 1222 1254 1291 sui
1288 1223 1442 1281 mitis
1474 1223 1807 1290 essedebet
1831 1238 1911 1286 'et
1940 1229 2177 1289 humilis
2205 1230 2400 1291 corde.

263 1324 432 1398 Quod
460 1326 506 1383 si
529 1322 856 1382 severitatis
890 1318 1161 1400 exempla
1186 1317 1490 1378 interdum
1514 1318 1654 1378 dare
1684 1331 1961 1398 tenetur-77
1995 1324 2057 1384 id
2083 1327 2157 1387 inl
2181 1324 2405 1386 bonum

261 1420 457 1480 tendit
479 1466 493 1494 7
532 1432 591 1479 et
620 1441 686 1478 ea
715 1418 954 1477 nonnisi
982 1427 1331 1498 provocatus
1374 1427 1432 1474 et
1463 1416 1798 1498 compulsus
1833 1419 1988 1478 elicit
2006 1466 2021 1493 7
2052 1432 2116 1480 ut
2137 1420 2405 1481 historias

265 1528 465 1576 mente
490 1517 684 1574 minus
705 1511 1084 1597 praejudicata
1103 1510 1489 1593 perlustranti
1507 1511 1735 1593 patebit
1759 1559 1775 1588 7
1803 1516 2167 1596 posthabitis
2180 1516 2406 1577 cal-um·-

261 1613 371 1671 niis
387 1657 403 1688 7
434 1610 645 1694 quibus
676 1622 901 1670 veteres
926 1619 987 1668 et
1016 1607 1156 1668 novi
1176 1606 1474 1687 religionis
1497 1607 1694 1668 hostes
1715 1631 1845 1669 eam
1862 1611 2168 1673 diffamare
2190 1613 2404 1673 frustra

252 1709 455 1768 *conati
486 1718 625 1766 sunt
651 1707 762 1786 (1).

348 1803 487 1863 355.
539 1806 682 1860 inst.
722 1799 1001 1861 secundo.
1036 1800 1096 1857 1ο
1119 1796 1430 1877 Religionis
1462 1800 1782 1861 efficacitas·
1808 1803 1970 1865 nulla
2002 1816 2090 1865 est
2116 1804 2192 1864 ad
2219 1806 2402 1865 corri-

258 1898 477 1980 gendos
499 1920 711 1959 mores,
739 1898 801 1955 20
824 1895 993 1971 Quod
1009 1894 1103 1955 vel
1132 1893 1304 1976 quale
1332 1895 1540 1955 vitium
1569 1897 1886 1960 eradicavit
1910 1900 2068 1983 apud
2095 1901 2268 1961 Italos
2292 1946 2309 1977 7
2336 1923 2401 1962 ac

260 2151 354 2189 tam
385 2139 698 2188 Christianisa
714 2138 847 2186 Celso
874 2138 999 2202 apud
1022 2137 1288 2200 Origenem,

267 2241 411 2289 quam
441 2220 635 2289 quidem
680 2220 1005 2269 difficultatem
1049 2235 1177 2266 more
1206 2235 1289 2265 suo

263 2304 451 2353 Gibbon
482 2305 698 2370 depravat
727 2320 743 2366 3
789 2320 902 2351 nam
931 2301 1094 2350 Celsus
1118 2300 1288 2364 (apud

264 2386 395 2452 Orig.
425 2387 509 2435 lib.
542 2404 650 2447 vm,
688 2405 739 2435 n.
778 2385 876 2452 75)
908 2386 1059 2444 solum
1083 2384 1292 2430 hortatur

267 2458 562 2519 Christianos·
576 2509 588 2530 7
606 2480 658 2518 ut
674 2486 812 2518 arma
821 2485 915 2534 pro
935 2485 1041 2532 reqe
1054 2468 1256 2532 capiant
1277 2506 1290 2528 ‚

267 2561 314 2602 et
341 2555 389 2601 si
423 2554 493 2601 ita
525 2551 761 2618 postulat,
801 2551 889 2599 sub
921 2550 1003 2599 illo
1043 2549 1289 2608 militent,

266 2643 312 2684 et
337 2652 449 2683 cum
479 2634 559 2682 illo
577 2635 763 2683 ducant
779 2635 1078 2695 exercitum7·
1100 2636 1295 2681 minime

264 2734 394 2778 vero,
417 2729 467 2766 ut
482 2718 643 2766 scribit
670 2718 860 2765 Gibhon
884 2754 897 2775 7
919 2720 1051 2783 quasi
1073 2716 1294 2782 objiceret

268 2801 427 2850 Celsus
444 2841 459 2861 ,
478 2801 593 2868 quid
619 2802 677 2849 de
696 2803 889 2866 imperio
911 2811 1027 2848 esset
1045 2836 1058 2857 7
1079 2802 1117 2847 si
1132 2816 1294 2848 omnes

269 2882 522 2932 Christiani
541 2884 728 2944 fierent,
747 2893 834 2932 etc.
855 2882 947 2931 Sed
962 2883 1135 2932 bonam
1151 2882 1293 2931 fidem

266 2968 321 3013 in
345 2965 600 3014 referendis
622 2966 976 3014 auctoritatibus
1004 2969 1057 3014 in
1075 2966 1292 3015 incredu-

266 3047 325 3095 lis
346 3084 359 3107 7
389 3063 500 3095 cum
529 3058 736 3112 puguant
756 3048 975 3097 adversus
1003 3049 1290 3114 religionem,

277 3146 526 3194 nunquam
567 3131 744 3177 inveni.
778 3130 956 3179 Interea
982 3133 1103 3180 circa
1140 3133 1293 3196 priva-

276 3222 376 3259 tum
400 3229 588 3260 sensum
614 3211 826 3276 Origenis
852 3224 897 3261 et
926 3213 1207 3262 Tertulliani
1220 3231 1294 3262 re·

270 3294 361 3343 late
390 3294 449 3342 ad
478 3294 691 3341 militiam
718 3295 927 3343 videatur
946 3295 1081 3361 Hugo
1112 3295 1296 3344 Grotius

266 3376 354 3426 lib.
383 3393 497 3436 vni-7
525 3394 567 3424 c.
603 3392 631 3423 2
651 3414 662 3435 7
692 3387 806 3425 sect.
843 3396 877 3445 9
896 3415 909 3437 7
935 3377 1016 3426 De
1031 3380 1152 3444 jure
1181 3377 1295 3427 belli

269 3467 315 3504 et
327 3460 467 3523 pacis
489 3494 504 3519 ‚
530 3468 574 3506 et
596 3457 839 3505 Mauritius
861 3460 1011 3507 editor
1025 3478 1139 3525 opp.
1160 3460 1289 3526 Orig.

270 3544 329 3587 ad
358 3542 442 3590 lib.
467 3559 548 3588 vm
571 3544 710 3597 Cant.
746 3541 871 3590 Cels.
901 3543 960 3590 ad
990 3541 1017 3609 ἕ
1044 3545 1106 3610 73
1125 3579 1141 3604 ,
1174 3564 1224 3594 n.
1245 3562 1287 3594 e.

337 3623 400 3685 (l)
438 3624 691 3690 Nunquam
735 3625 762 3674 'e
791 3622 1017 3690 juvenum
1055 3628 1290 3676 mentibus

1375 2134 1590 2182 excidere
1601 2135 1737 2184 debet
1755 2140 1984 2186 monitum
2002 2141 2181 2187 comitis
2191 2140 2247 2188 de
2263 2139 2405 2188 Mais-

1376 2226 1474 2276 tre,
1515 2220 1627 2282 qui,
1663 2218 1858 2285 loquens
1885 2221 1943 2268 de
1976 2223 2206 2286 ejusmodi
2239 2233 2398 2271 aucto·

1378 2298 1505 2346 ribus
1525 2335 1538 2357 ,
1561 2300 1659 2348 haec
1686 2302 1902 2365 praeclare
1929 2306 2143 2368 scripsit:
2172 2306 2400 2353 Jermesse

1378 2384 1704 2431 inconsideree
1718 2421 1732 2440 ,
1746 2385 1912 2448 quand
1921 2395 1974 2433 tu
1979 2395 2141 2450 portes
2156 2386 2221 2434 les
2238 2389 2402 2435 maim

1379 2481 1465 2512 sur
1489 2465 1688 2531 quelque
1714 2468 1837 2515 livre
1868 2469 1923 2515 de
1952 2485 2027 2516 ces
2051 2468 2261 2517 hommes
2279 2488 2394 2536 per-

1379 2565 1483 2596 vers
1496 2583 1510 2609 ,
1531 2551 1857 2598 souviem—toi
1868 2568 1957 2615 que
1971 2551 2016 2599 la
2024 2554 2262 2617 premiere
2282 2570 2404 2619 qua-

1380 2630 1463 2678 lite
1491 2634 1579 2696 qui
1607 2631 1714 2680 leur
1735 2650 1943 2698 mamque
1969 2632 2083 2681 c'est
2110 2637 2324 2700 toujours
2356 2635 2404 2684 la

1350 2728 1353 2731 ·
1372 2714 1558 2780 probite
1577 2715 1592 2778 (
1611 2716 1795 2763 Soirees
1813 2716 1870 2764 de
1883 2713 2051 2766 Saint-
2063 2716 2399 2783 Petersbourq,

1381 2808 1498 2846 tom.
1534 2816 1582 2858 ι,
1618 2817 1721 2864 pag.
1752 2796 1885 2861 188).
1913 2799 1967 2846 In
1999 2800 2087 2848 hoc
2119 2817 2227 2848 vero
2257 2818 2402 2849 ceusu

1380 2883 1583 2947 primum
1623 2883 1829 2947 profecto
1867 2883 2022 2932 locum
2052 2883 2228 2931 obtinet
2256 2883 2399 2933 abbas

1379 2950 1438 3012 de
1461 2964 1599 3013 Pradt
1624 3002 1638 3025 7
1673 2967 1752 3031 qui
1781 2968 1968 3014 nonnisi
1998 2967 2188 3026 sannis,
2221 2966 2403 3014 calum-

1379 3051 1469 3098 niis
1491 3086 1504 3108 ,
1555 3047 1832 3096 falsitatibus
1871 3065 1924 3096 ac
1957 3051 2191 3113 perpetuis
2222 3048 2402 3113 paralo-

1380 3133 1537 3196 gismis
1553 3131 1829 3180 catholicam
1855 3131 2122 3195 religionem
2148 3148 2199 3178 ac
2216 3147 2404 3196 praeser-

1381 3218 1466 3263 tim
1481 3213 1740 3263 Romanam
1754 3210 1921 3261 Sedem
1938 3231 2204 3279 oppugnare
2220 3215 2400 3274 nititur,

1382 3309 1481 3345 tum
1508 3299 1557 3345 in
1574 3314 1710 3362 opere
1741 3297 1880 3344 citato
1901 3333 1913 3355 7
1940 3307 2038 3344 tum
2059 3299 2109 3344 iu
2124 3297 2297 3357 altero,
2320 3298 2398 3344 cui

1381 3381 1571 3429 titulum
1591 3381 1696 3427 fecit
1725 3396 1739 3426 τ
1771 3378 2041 3426 Concordat
2070 3378 2127 3425 de
2158 3377 2398 3427 I'Ameri-

1377 3479 1470 3527 que
1494 3478 1607 3510 avec
1624 3460 1770 3508 Rome
1789 3497 1806 3522 7
1827 3460 1948 3508 Paris
1974 3457 2102 3509 1828
2121 3477 2133 3522 ς
2157 3462 2207 3522 in
2226 3457 2397 3524 quibus

1379 3546 1551 3592 veritus
1573 3561 1669 3591 non
1687 3553 1782 3605 est,
1802 3543 1946 3592 multa
1973 3543 2048 3594 vel
2066 3542 2123 3591 ab
2138 3543 2236 3607 ipso
2253 3538 2399 3606 Bayle

1374 3627 1664 3692 depromere.
