2554 4140
769 193 894 230 car.
939 190 1002 228 11.
1049 191 1117 225 nn
1160 190 1393 239 uncus&
1419 190 1551 227 nav.
1864 231 1871 236 .
2141 168 2215 227 31

113 350 277 419 cepta
312 357 443 395 curn
476 335 827 415 gravissimis
859 329 1068 402 rebu5‚
1113 351 1246 409 quae
1280 329 1354 388 ad
1392 330 1728 409 religionem
1760 343 1820 391 et
1848 332 2218 392 honestatem

111 433 447 514 pertinent,
485 452 608 488 non
644 427 832 502 video.

193 526 292 587 83.
327 525 413 587 Ad
434 525 514 584 4¹1¹
534 570 551 599 ‚
572 526 726 587 Dist.
753 520 1093 580 Proeolaras
1114 518 1183 575 de
1199 519 1483 596 reliyz'one
1503 525 1820 580 sententias
1841 521 2058 603 absque
2081 523 2219 581 fun-

116 622 428 696 damentO,
475 602 689 698 absque
728 613 1140 692 conjunctione
1175 623 1235 671 et
1268 613 1385 671 fine
1406 657 1422 686 ,
1459 621 1518 670 et
1563 612 1801 692 quidem
1830 617 2125 694 generales
2160 629 2221 678 et

114 717 490 787 theoreticas,
516 732 676 770 cono.
684 734 705 777 ,·
718 720 967 789 systema
981 706 1273 786 religionis
1288 727 1352 766 ac
1368 706 1585 766 ethices
1600 727 1671 765 ex
1692 709 1854 766 omni
1876 722 2044 790 parte
2060 711 2222 772 abso-

113 812 304 871 lutum
322 856 339 884 ,
372 808 522 884 hene
553 827 883 864 connexum
901 825 965 862 ac
979 800 1298 885 practicum
1318 848 1334 876 ,
1367 825 1494 880 neq.
1529 800 1701 860 Aliud
1725 824 1900 883 porro
1924 816 2012 863 est
2031 850 2047 878 .,
2078 828 2221 866 non-

114 906 302 966 nullas
335 901 656 963 sententias
677 946 693 974 ‚
736 910 1013 959 tractatus
1043 899 1222 959 etiam
1264 920 1330 958 ac
1365 897 1799 957 dissertationes
1831 898 2003 958 edere
2029 899 2102 959 de
2124 924 2220 962 re—

112 1002 322 1082 ligione
359 992 429 1060 ac
464 995 722 1056 moribus
761 1007 820 1056 et
857 994 1094 1077 quidem
1147 994 1533 1075 speculativas
1574 1006 1634 1053 et
1669 994 1965 1074 generales
1995 1041 2011 1071 7
2058 997 2218 1077 quod

112 1096 235 1158 fieri
279 1094 478 1174 utique
525 1091 600 1150 ab
646 1092 900 1172 antiquis
950 1090 1309 1172 philosophis
1356 1091 1579 1172 potuit,
1627 1090 1931 1171 multoque
1973 1095 2155 1173 magis
2189 1116 2223 1154 a

111 1187 525 1249 recentioribus
547 1233 563 1261 7
597 1189 698 1268 qui
715 1198 804 1245 tot
819 1186 1087 1245 subsidiis
1114 1186 1442 1245 christianae
1455 1185 1747 1267 religionis
1764 1187 2034 1247 instructi
2050 1202 2219 1265 sunt,

112 1296 286 1365 atque
312 1281 616 1349 interdum
643 1282 861 1341 factum
886 1303 1009 1342 esse
1031 1281 1435 1353 concedimus3
1468 1280 1630 1340 aliud
1663 1292 1861 1341 autem
1890 1283 2184 1364 integrum
2202 1331 2219 1362 ‚

114 1379 449 1439 absolutum
481 1399 545 1437 ac
577 1377 727 1437 hene
762 1386 1159 1436 constructum
1187 1375 1450 1457 praebere
1493 1377 1671 1435 totius
1716 1376 2009 1459 religionis
2042 1391 2220 1462 atque

113 1474 327 1534 ethices
351 1472 651 1533 aedificium
670 1493 803 1533 cum
822 1471 1007 1531 solido
1032 1471 1559 1532 fundamentosive
1581 1475 1941 1533 auctoritatis
1957 1477 2079 1537 sive
2092 1477 2220 1536 uni-

114 1569 246 1628 tatis
274 1579 450 1650 atque
467 1567 778 1626 sanctionis
799 1611 815 1641 7
842 1588 1087 1627 necnon
1104 1588 1237 1625 cum
1255 1564 1642 1649 applicatione
1667 1569 2029 1648 generalium
2059 1574 2218 1652 prin-

109 1665 390 1744 cipiorum
405 1663 479 1722 ad
498 1663 726 1745 praxim
740 1708 756 1736 ,
783 1662 940 1744 quod
960 1684 1252 1743 nusquam
1268 1661 1342 1730 ah
1354 1663 1496 1743 ipsis
1514 1663 1732 1722 factum
1750 1675 1839 1723 est
1853 1710 1869 1739 ‚
1889 1686 1954 1724 ac
1969 1668 2221 1746 seposita

111 1759 465 1820 revelatione
489 1781 796 1840 nunquam
817 1760 936 1819 fiet.
958 1760 1275 1839 Nunquam
1297 1770 1706 1819 convenerunt
1735 1760 1798 1818 in
1825 1761 2078 1820 hominis
2102 1765 2219 1823 fine

112 1854 549 1930 constituend03
580 1875 885 1934 nunquam
913 1854 975 1911 in
999 1854 1167 1912 certis
1190 1853 1408 1912 ethices
1443 1854 1724 1925 naturalis
1766 1867 1942 1938 atque
1982 1857 2213 1938 obliga-

112 1951 286 2008 tionis
331 1949 628 2030 principiis
681 1947 1189 2021 constabiliendis3
1248 1970 1560 2029 nunquam
1606 1949 1844 2010 stabiles
1882 1952 2110 2031 regulas
2146 1953 2222 2012 ad

113 2043 455 2125 applicanda
490 2043 713 2103 casibus
753 2043 1197 2125 particularibus
1246 2043 1531 2125 principia
1574 2044 1810 2103 virtutis
1830 2089 1853 2117 ,
1912 2046 2220 2128 probitatis

113 2150 285 2219 atque
321 2137 637 2197 honestatis
682 2137 1106 2210 exhibuerunt3
1162 2159 1469 2219 nunquam
1505 2138 1652 2197 fines
1697 2150 2062 2217 statuerunt,
2119 2143 2220 2224 qui

109 2243 394 2315 praecepta
420 2255 452 2292 a
480 2232 730 2292 consiliis
771 2254 873 2292 seu
904 2255 936 2291 a
966 2230 1323 2314 perfectione
1368 2245 1675 2293 secernant
1710 2246 1769 2295 et
1806 2236 1995 2296 varios
2031 2237 2219 2319 culpae

109 2328 317 2408 gardus
366 2328 794 2402 determinent3
839 2350 1145 2410 nunquam
1194 2331 1414 2390 motiva
1458 2330 1732 2390 omnibus
1781 2335 2112 2393 communia
2163 2345 2222 2394 et

111 2424 299 2484 valida
329 2424 403 2484 ad
439 2424 867 2506 impellendum
903 2425 1205 2484 hominem
1237 2426 1313 2484 ad
1349 2426 1630 2485 virtutem
1656 2437 1713 2486 et
1738 2429 2161 2490 retrahendum
2187 2453 2220 2490 a

111 2520 263 2580 vitiis
308 2531 756 2602 proposuerunt.
807 2520 950 2579 Mira
1000 2541 1231 2602 semper
1272 2522 1335 2579 in
1392 2520 1481 2579 his
1530 2520 1802 2581 omnibus
1851 2523 2095 2605 aliisque
2117 2571 2133 2600 .‚
2187 2548 2220 2585 a

114 2614 322 2696 quibus
360 2615 728 2675 recensendis
763 2614 1064 2676 brevitatis
1105 2617 1285 2695 gratia
1318 2614 1706 2691 abstinemuS,
1742 2618 1927 2696 viguit
1956 2640 2021 2677 ac
2066 2622 2221 2700 viget

113 2711 265 2769 inter
290 2709 662 2791 philosophos
695 2710 906 2770 deistas
930 2732 996 2769 ac
1022 2710 1411 2770 rationalistas
1450 2712 1696 2772 varietas
1725 2756 1744 2783 ᾖ
1776 2713 1876 2792 qui
1898 2726 2213 2795 propterea

112 2827 414 2887 nunquam
458 2805 688 2866 ethicen
736 2806 1090 2888 populorum
1141 2806 1479 2886 indigentiae
1522 2807 2020 2869 accommodatam
2072 2809 2212 2872 dare

113 2912 454 2981 potuerunt,
497 2901 717 2961 nedum
747 2901 934 2960 cultus
955 2947 971 2976 .,
1001 2913 1067 2960 ut
1099 2902 1209 2984 ipsi
1246 2912 1494 2975 vocant,
1530 2901 1819 2961 theoriam
1860 2903 1972 2983 (1).
2023 2907 2213 2979 Quare

114 2999 491 3058 tenebrarum
521 3000 811 3078 patroni,
858 2995 971 3074 (id
1002 3006 1118 3070 est,
1168 2996 1432 3056 catholici
1479 3017 1582 3056 seu
1631 2999 2217 3081 supernaturalistae)

181 3253 244 3318 (l)
281 3253 474 3305 Lochias
509 3259 560 3305 in
590 3275 672 3306 suo
711 3256 925 3323 Specim.
962 3255 1112 3306 intell.
1198 3257 1472 3307 consulatur
1487 3257 1545 3306 de
1560 3258 1648 3306 hoc
1660 3259 2212 3325 argumentoSpedalieri‚

114 3335 246 3385 hum.
275 3336 357 3384 lib.
373 3353 391 3383 1
409 3374 422 3397 ‚
452 3354 556 3404 cap.
594 3355 610 3387 ι
626 3356 643 3386 1
670 3377 684 3399 ,
715 3342 957 3388 innumera
976 3356 1117 3404 prope
1197 3338 1381 3387 Diritti
1392 3337 1505 3387 dell'
1525 3356 1662 3388 nomo
1680 3341 1716 3390 1.
1731 3358 1796 3401 iv,
1814 3358 1918 3409 cap.
1944 3340 2003 3405 14
2017 3352 2061 3391 et
2080 3361 2213 3410 seqq.

111 3419 316 3484 exempla
363 3421 592 3469 varietatis
632 3421 859 3486 ejusmodi
899 3421 1112 3480 exhibet,
1198 3438 1381 3469 necnon
1417 3420 1664 3483 Manzoni,
1694 3419 1837 3470 Sulla
1863 3423 2041 3473 morale
2071 3433 2214 3472 catto-

111 3516 213 3568 quae
242 3504 360 3549 inter
382 3511 553 3550 veteres
571 3513 614 3550 et
632 3507 901 3552 recentiores
924 3503 1116 3569 populos
1198 3503 1293 3551 lica
1312 3540 1324 3562 ‚
1355 3520 1455 3568 cap.
1477 3503 1526 3552 3.
1562 3501 1702 3555 Sulla
1725 3504 2021 3554 distinzione
2038 3503 2211 3569 difilo-

113 3593 154 3630 et
183 3583 477 3649 philosophos
512 3582 732 3633 obtinuit.
776 3586 914 3646 Quod
951 3588 1120 3651 pariter
1199 3584 1317 3647 sofia
1340 3584 1517 3634 morale
1544 3603 1568 3632 e
1591 3584 1646 3633 di
1660 3583 1859 3651 teoloqia
1886 3603 1900 3635 :
1929 3585 2010 3636 ubi
2032 3588 2212 3654 egregie

110 3668 316 3727 praestitit
339 3665 603 3729 Helvetios,
631 3682 772 3716 serm.
803 3683 884 3729 πο,
911 3684 1013 3734 cap.
1042 3667 1117 3716 13.
1200 3666 1290 3715 hoc
1325 3677 1645 3731 argumentum
1666 3666 1852 3717 evolvit.
