2554 4140
789 216 911 251 osi».
957 215 1020 250 11.
1068 213 1136 246 nn
1180 211 1394 250 Nucsss.
1438 211 1572 248 miv.
2159 187 2237 246 23

132 379 271 419 vero
301 356 511 414 horum
547 354 810 419 omnium
837 352 924 411 vis
966 351 1075 423 sit,
1116 349 1388 429 graphice
1413 370 1575 409 more
1615 371 1718 409 suo
1756 349 1974 409 Tullius
2018 349 2109 430 (l)
2149 349 2239 409 his

132 451 324 513 verbis
353 449 608 509 declarat
640 472 654 506 ε
683 447 873 508 Nunc
898 445 924 523 (
944 442 1191 523 natura)
1209 445 1503 522 parvulos
1524 446 1696 502 nobis
1724 446 1892 503 dedit
1911 447 2238 525 iyniculos,

123 542 274 627 'quos
310 548 577 604 celeriter
605 543 783 626 mali's
808 540 1082 597 moribus
1113 528 1616 620 opinionibusque
1656 539 1998 616 depravatis
2028 545 2116 599 sic
2145 560 2242 598 re-

137 645 504 721 stiriyuimus
513 676 535 710 ,
553 640 956 722 'utnunquain
972 643 1211 692 naturoe
1227 634 1431 690 lumen
1444 642 1740 711 appareat
1747 655 1786 696 ,·.
1801 678 1813 690 .
1828 677 1845 690 ..
1861 637 2047 693 simul
2063 646 2241 714 atque

132 738 284 795 editi
302 740 371 794 in
393 736 579 794 lucem
603 740 660 788 et
683 732 943 808 suscepti
963 749 1211 799 sumus,
1248 731 1319 785 in
1347 730 1518 785 omni
1546 729 1827 784 continuo
1856 733 2157 804 pravitate
2177 739 2234 788 et

134 836 203 889 in
228 849 465 893 summa
489 827 848 904 opinionum
869 826 1259 902 perversitate
1287 842 1641 892 versamur,
1673 831 1741 879 ut
1749 841 1904 899 pene
1933 841 2077 879 oum
2097 825 2243 882 lacte

133 927 391 984 nutricis
413 941 671 979 errorem
693 922 922 977 suxisse
960 919 1292 976 videamur.
1324 917 1531 996 Quum
1553 935 1685 974 vero
1708 917 2071 994 parentibus
2102 919 2241 974 red-

132 1020 281 1088 diti,
310 1017 521 1075 deinde
544 1017 859 1095 -rnayistris
881 1015 1104 1072 traditi
1127 1034 1340 1072 sumus
1356 1055 1378 1083 ,
1408 1022 1540 1070 tum
1566 1015 1655 1069 ita
1677 1013 1876 1069 variis
1897 1011 2247 1079 imbuimur

132 1112 470 1181 erroribus,
493 1121 563 1168 ut
578 1114 841 1168 vanitati
855 1111 1078 1169 veritas
1095 1119 1150 1166 et
1168 1111 1450 1187 opinioni
1464 1107 1828 1185 confirmatae
1853 1116 2083 1165 natura
2098 1110 2244 1184 *ipsa

127 1206 365 1265 cedat.
400 1207 603 1285 Quum
629 1198 763 1263 vero
787 1206 1017 1262 accedit
1036 1205 1231 1263 eodem
1245 1246 1267 1274 ,
1292 1207 1478 1281 quasi
1501 1205 1812 1260 mamimus
1835 1201 2089 1279 quidam
2115 1221 2242 1259 ma-

123 1305 307 1381 9ister
323 1344 347 1372 ,
373 1302 635 1379 populus
669 1310 843 1378 atque
877 1303 1073 1357 omnis
1103 1298 1372 1376 undique
1406 1298 1494 1355 ad
1517 1299 1667 1354 vitia
1691 1299 2055 1355 consentiens
2079 1296 2242 1353 mul-

132 1397 358 1466 titudo,
382 1405 511 1454 tum
534 1397 723 1473 plane
753 1395 1070 1471 inficimur
1095 1395 1456 1470 opinionum
1469 1395 1809 1471 pravitate,
1835 1412 1876 1448 a
1902 1400 2243 1467 naturaque

132 1492 534 1549 desciscimus.
588 1489 671 1546 Ex
721 1485 931 1568 quibus
982 1498 1228 1568 apparet
1260 1531 1276 1560 ,
1328 1486 1390 1544 in
1437 1506 1501 1545 re
1523 1530 1540 1562 ,
1585 1485 1661 1546 de
1704 1506 1818 1568 qua
1862 1506 2053 1544 sermo
2114 1494 2202 1543 est
2222 1529 2240 1557 .,

132 1585 433 1643 hominem
476 1581 586 1642 sibi
625 1581 892 1642 relictum
935 1602 1057 1638 non
1094 1581 1159 1638 in
1196 1579 1409 1655 'melius
1448 1579 1584 1639 ferri
1623 1578 1726 1639 sed
1769 1579 1834 1638 in
1868 1583 2032 1661 pejus
2076 1598 2244 1637 ruere

130 1689 416 1760 perpetuo
452 1690 626 1759 atque
658 1675 857 1736 dilabi.

217 1774 316 1831 62.
367 1772 454 1831 Ad
472 1774 581 1846 ΞΠ),
602 1772 749 1851 Ney.
780 1773 854 1829 Ut
868 1782 1030 1852 patet
1055 1790 1126 1828 ex
1143 1769 1309 1828 dictis
1340 1792 1353 1827 z
1384 1769 1641 1851 alioquin
1666 1791 1783 1850 quo
1796 1768 2047 1851 populus
2080 1767 2241 1827 adul-

128 1868 239 1926 tior
277 1868 380 1940 fit,
421 1888 489 1925 eo
525 1867 692 1924 fieret
730 1865 1040 1946 perfectior
1079 1865 1378 1944 magisque
1417 1863 1493 1923 ad
1524 1863 1835 1924 veritatem
1863 1884 1928 1922 ac
1960 1863 2243 1924 virtutem

133 1959 463 2032 accederet;
514 1971 575 2017 at
619 1960 1011 2039 experientia,
1060 1958 1462 2016 monumentis
1505 1957 1790 2017 historicis
1842 1957 2185 2015 confirmata
2215 2000 2233 2028 ,

132 2056 487 2114 contrarium
522 2053 809 2125 ostendit3
846 2074 916 2111 ex
958 2052 1218 2110 ea.enim
1253 2050 1637 2129 dignoscimus
1658 2095 1675 2124 ,
1718 2072 1785 2109 eo
1824 2050 2088 2130 puriores
2123 2051 2245 2110 sive

134 2148 324 2230 quoad
361 2147 584 2206 cultum
623 2147 743 2207 sive
780 2144 972 2227 quoad
1017 2166 1206 2204 mores
1245 2144 1417 2203 fuisse
1453 2144 1698 2226 populos
1728 2189 1744 2218 .,
1786 2164 1902 2224 quo
1940 2143 2124 2222 magis
2166 2144 2240 2201 ad

131 2264 294 2301 suam
319 2286 335 2314 ,
369 2253 435 2299 ut
463 2242 542 2299 ita
585 2240 774 2300 dicam
798 2286 814 2315 ,
863 2240 1172 2299 infantiam
1213 2239 1535 2313 accedunt3
1568 2260 1600 2298 e
1637 2238 1926 2298 contrario
1965 2259 2032 2296 eo
2075 2236 2242 2297 dete-

132 2338 308 2396 riores
352 2337 563 2412 factOS‚
612 2358 728 2416 quo
778 2335 960 2414 magis
1000 2333 1072 2392 ab
1118 2334 1242 2415 ipsa
1284 2333 1583 2393 recedunt.
1629 2334 1900 2392 Sinenses
1940 2332 2235 2414 profect0‚
2322 2373 2324 2380 x

133 2453 381 2511 quorum
427 2430 744 2511 imperium
796 2429 1269 2510 antiquissimum
1328 2439 1415 2487 est
1441 2473 1458 2504 ‚
1513 2449 1696 2509 quum
1749 2448 1944 2508 neque
1988 2427 2243 2486 scientiis

133 2547 320 2607 neque
354 2524 573 2584 artibus
601 2525 718 2584 sint
755 2523 1018 2583 destituti
1043 2569 1059 2597 a
1103 2521 1442 2583 debuissent
1491 2542 1782 2582 summam
1826 2521 2245 2603 perfectionem

135 2621 450 2699 attingerez,
477 2631 737 2679 attamen
751 2620 814 2677 in
827 2619 944 2677 suis
969 2617 1480 2699 superstitionibus
1510 2639 1574 2676 ac
1598 2618 1661 2676 in
1685 2638 1928 2677 morum
1954 2616 2243 2698 pravitate

135 2726 519 2797 permanent,
557 2716 674 2773 imo
705 2725 766 2774 et
807 2713 1121 2773 deteriores
1159 2723 1298 2772 sunt
1335 2733 1513 2793 quam
1543 2712 1783 2771 fuerunt
1816 2721 1906 2770 tot
1944 2721 2101 2770 retro
2130 2731 2238 2771 sae-

138 2809 277 2868 culis
297 2854 314 2882 ‚
348 2819 525 2891 prout
556 2821 615 2868 et
652 2810 717 2867 in
745 2809 950 2868 ceteris
981 2807 1212 2889 populis
1248 2808 1470 2869 evenit.
1538 2864 1542 2873 x

219 2904 317 2963 63.
365 2903 456 2964 Ad
470 2904 575 2977 3¹¹¹,
592 2904 741 2984 Ney.
760 2902 1052 2981 Ejusmodi
1079 2903 1240 2962 enim
1264 2899 1474 2960 indicia
1501 2900 1587 2959 nil
1612 2898 1770 2959 aliud
1794 2899 2103 2977 evincunt,
2126 2899 2238 2958 nisi

144 3019 442 3058 romanam
479 2998 903 3080 rempublicam
936 2999 1299 3080 epicureismi
1336 2998 1658 3079 praesertim
1693 2997 1753 3057 vi
1792 3005 1850 3055 et
1890 2995 2148 3077 impulsu
2182 2996 2243 3054 in

146 3094 466 3172 proximam
503 3095 730 3156 venisse
760 3105 889 3152 tum
917 3093 1241 3173 religiosam
1278 3104 1407 3151 tum
1450 3091 1720 3172 socialem
1752 3089 2190 3148 dissolutionem
2219 3135 2234 3162 ‚

148 3190 387 3248 servatis
417 3190 707 3270 primaevis
741 3189 1019 3248 institutis
1045 3201 1104 3248 et
1139 3188 1437 3266 cujusdam
1478 3186 1784 3268 probitatis
1816 3206 1882 3245 ac
1922 3185 2240 3245 honestatis

149 3281 428 3341 naturalis
463 3284 737 3367 reliquiis,
779 3286 1051 3344 Ceterum
1078 3283 1394 3343 multitudo
1426 3304 1723 3364 nusquam
1750 3279 1893 3340 adeo
1925 3280 2078 3340 foede
2111 3301 2242 3339 cor-

149 3388 318 3457 rupta
348 3376 488 3452 fuit,
519 3401 693 3460 quam
727 3379 829 3438 ubi
860 3379 1256 3460 superstitioni
1287 3378 1397 3436 fuit
1431 3376 1650 3437 dedita.

233 3471 328 3530 64.
374 3471 463 3530 Ad
487 3471 591 3548 4¹¹¹,
622 3477 782 3534 Dist.
804 3476 882 3534 Ex
898 3484 1063 3556 parte
1084 3471 1768 3556 epicureorum‚ideoque
1792 3480 1851 3530 et
1871 3469 2247 3529 atheistarum

231 3663 298 3725 (1)
336 3662 531 3713 Tuscul.
553 3636 731 3730 disput.
745 3666 812 3715 lib
827 3679 881 3714 111
901 3704 913 3727 ‚
933 3683 1034 3732 cap.
1059 3684 1099 3714 1.
1174 3665 1282 3715 edit.
1305 3665 1446 3713 Taur.
1487 3682 1591 3730 opp.
1625 3673 1734 3712 tom.
1760 3677 1844 3711 xii.
