2554 4140
558 131 714 167 rnor.
762 129 823 167 11.
871 132 938 166 mi
981 130 1197 168 ECCLES.
1242 131 1454 166 mnu..
1500 129 1683 166 nnPOS.
2017 104 2138 164 2⁹23

119 273 218 332 33.
266 274 409 331 Inst.
442 274 649 353 prim0.
676 275 820 352 Ergo
859 273 1035 332 etiam
1060 269 1361 329 haereticus
1386 283 1583 352 posset
1617 270 1877 331 Ecclesiae
1902 271 2141 330 nomine

34 367 210 426 fidem
254 370 648 440 annunciare,
687 378 746 426 et
778 377 979 445 gentes
1007 365 1119 446 ipsi
1154 363 1388 423 credere
1416 377 1775 425 tenerentur.
1820 365 1994 447 Atqui
2030 365 2140 425 hoc

29 473 117 524 est
155 461 492 521 absurdum.

112 557 211 616 34.
259 559 432 639 Resp.
461 558 617 616 Dz'st.
653 560 801 634 maj.
837 554 1038 612 Posset
1070 549 1377 611 haereticus
1405 551 1661 613 Ecclesiae
1689 556 1928 615 nomine
1963 554 2141 615 fidem

31 653 383 711 annunciare
406 648 746 710 mentiendo
767 693 783 722 ,
812 668 1000 712 conc.‚·
1028 666 1165 707 vere
1193 656 1254 704 et
1285 648 1548 727 proprie,
1574 669 1706 727 noy.
1732 649 1906 722 Quod
1927 650 1975 708 si
2004 651 2141 709 infi-

31 747 188 808 deles
217 746 371 806 bona
396 745 511 805 fide
548 746 738 825 ipsum
773 741 1033 802 Ecclesiae
1072 741 1408 799 ministrum
1444 752 1758 822 putarent7
1797 755 2142 805 tenerentur

31 842 268 923 quidem
305 840 536 900 credere
556 884 572 911 ‚
603 838 703 897 sed
734 839 795 896 in
816 837 924 896 hac
961 836 1271 918 hypothesi
1301 858 1422 894 non
1455 847 1699 918 propter
1725 838 1917 918 ipsum
1946 841 2142 900 crede-

30 947 188 1010 rent,
237 934 338 995 sed
372 944 621 1015 propter.
657 931 1000 1005 Ecclesiam,
1044 936 1202 1011 cujus
1253 932 1492 990 nomine
1530 931 1833 1013 praedicat,
1878 944 1938 993 et
1982 940 2142 1012 cujus
2186 990 2194 996 .

28 1052 244 1090 nomen
285 1039 557 1109 usurpat3
606 1049 671 1086 ac
705 1027 908 1109 populi
949 1026 1032 1085 illi
1072 1027 1151 1084 sic
1179 1026 1367 1085 edocti
1397 1031 1517 1104 jam
1545 1027 1910 1109 pertinerent
1938 1026 2014 1086 ad
2040 1030 2143 1087 Ec-

25 1125 254 1184 clesiam
290 1121 538 1197 Christi,
567 1134 632 1180 ut
653 1122 905 1181 infantes
941 1120 1015 1180 ab
1050 1121 1330 1181 haereticis
1355 1120 1668 1203 baptizati7
1706 1133 1764 1181 et
1789 1121 2006 1197 adulti,
2045 1124 2145 1206 qui

23 1216 192 1278 bonae
242 1217 380 1278 fidei
418 1229 586 1293 sunt,
622 1239 746 1302 'seu
783 1217 1108 1297 ignorantia
1157 1215 1482 1277 invincibili
1530 1215 1820 1277 laborant.
1871 1218 2143 1279 Ecclesia

24 1317 221 1390 enim
260 1324 326 1372 ut
359 1312 620 1394 loquitur
656 1313 713 1372 S.
749 1312 1139 1393 AugustinuS,
1173 1316 1355 1371 etiam
1383 1333 1500 1393 per
1533 1314 1907 1373 ancillarum
1933 1319 2144 1374 sinum

26 1412 233 1469 liberos
256 1411 433 1488 parit
463 1407 694 1467 Christo
730 1407 841 1487 (1)

112 1503 208 1564 35.
255 1506 398 1562 Inst.
434 1503 708 1562 secundo,
749 1501 991 1562 Nullum
1013 1472 1222 1561 saltem
1254 1501 1518 1562 infideles
1552 1503 1839 1564 motivum
1866 1505 2146 1565 extrinse

29 1623 159 1660 cum
196 1610 255 1659 et
295 1596 599 1657 infallibile
637 1596 896 1671 habent,
948 1619 1063 1679 quo
1097 1597 1294 1656 induci
1335 1598 1599 1679 possint
1646 1597 1720 1656 ad
1766 1609 1960 1658 actum
2009 1600 2145 1660 fidei

30 1693 381 1756 eliciendum
403 1739 419 1764 .,
452 1704 510 1752 et
534 1692 609 1752 ad
635 1691 994 1752 credendum
1022 1691 1136 1752 fide
1161 1692 1358 1752 divina
1385 1713 1511 1774 quae
1533 1692 1669 1775 ipsis
1693 1707 2140 1776 proponuntur3

25 1813 179 1872 ergo,

112 1885 211 1944 36.
259 1887 431 1967 Resp.
474 1887 634 1944 Dist.
682 1894 868 1942 antec.
915 1883 1039 1942 Nisi
1083 1885 1234 1942 Deus
1278 1881 1472 1966 aliqua
1531 1884 1755 1963 ratione
1798 1884 2140 1967 suppleret

32 1993 223 2040 trans·
273 1979 367 2041 vel
404 2002 591 2046 conc„
586 1979 679 2037 ·si
708 1980 860 2038 Deus
891 1977 1191 2060 suppleat,
1234 2001 1364 2059 neJ.
1403 1979 1537 2037 Jam
1569 2000 1708 2038 vero
1739 1981 1892 2039 Deus
1919 1979 2013 2040 vel
2037 1987 2145 2062 per

32 2075 258 2135 donum
283 2060 703 2134 miraculorum
729 2072 986 2132 Ecclesiae
1008 2072 1287 2132 ministris
1312 2094 1648 2132 concessum
1665 2119 1682 2150 ‚
1715 2072 1809 2134 vel
1830 2096 1937 2156 per
1955 2075 2145 2134 inter-

34 2191 175 2228 nam
218 2170 463 2250 gratiam
506 2191 711 2243 suam,
772 2168 867 2227 vel
907 2189 1015 2251 per
1057 2180 1374 2250 utrumque
1417 2167 1591 2226 simul
1634 2190 1767 2227 cum
1810 2163 2145 2229 infidelibus

31 2263 410 2344 Evangelium
431 2264 816 2323 annuntiatur
843 2309 859 2337 ,
890 2262 1044 2345 ipsos
1074 2274 1133 2322 et
1155 2262 1410 2321 illustrat
1443 2274 1502 2322 et
1529 2275 1727 2324 movet
1749 2274 1807 2323 et
1835 2263 2148 2346 persuadet

32 2371 91 2420 et
123 2358 337 2434 trahit,
375 2358 519 2419 adeo
558 2369 626 2417 ut
661 2357 989 2418 firmissime
1018 2379 1082 2437 ac
1116 2356 1231 2417 fide
1265 2356 1463 2418 divina
1495 2357 1807 2440 propositis
1839 2358 1973 2418 fidei
2016 2360 2150 2419 arti-

31 2453 172 2514 culis
201 2455 593 2514 assentiantur
634 2465 694 2513 et
735 2452 1014 2528 credant,
1056 2475 1177 2511 non
1214 2455 1410 2512 minus
1443 2476 1507 2513 ac
1543 2454 1587 2512 si
1626 2451 1700 2513 ab
1744 2453 1990 2514 Ecclesia
2023 2456 2149 2536 ipsa

33 2571 99 2609 ea
121 2547 409 2609 credenda
437 2560 930 2630 proponerentur.
970 2550 1140 2609 Brevi
1166 2548 1406 2630 insuper
1430 2548 1607 2608 iidem
1637 2548 1842 2630 populi
1872 2549 2146 2609 certiores

35 2643 158 2705 fieri
182 2654 428 2727 possunt
464 2645 539 2702 de
570 2642 826 2702 Ecclesiae
865 2643 1170 2703 existentia
1213 2647 1450 2724 ejusque
1479 2643 1894 2724 praerogativiS.

116 2737 215 2800 37.
260 2740 403 2798 Inst.
443 2738 639 2797 tertio,
688 2739 932 2796 Possent
967 2748 1164 2797 tamen
1206 2736 1314 2796 hac
1355 2737 1579 2797 ratione
1614 2735 1780 2796 illudi
1818 2759 1883 2797 ac
1916 2737 2144 2821 decipi3

36 2855 188 2912 ergo,

121 2926 220 2987 38.
267 2930 441 3009 Resp.
488 2928 646 2986 Disc.
691 2937 879 2985 antec.
923 2927 980 2985 Si
1028 2926 1177 2986 mala
1219 2926 1334 2986 fide
1372 2939 1580 3006 agant,
1615 2949 1810 3003 conc.,·
1855 2931 1904 2989 si
1947 2933 2146 2992 animo

38 3022 261 3081 sincero
283 3023 441 3082 viam
466 3021 664 3080 salutis
701 3032 962 3103 quaerant
982 3066 997 3093 ,
1039 3043 1166 3101 neq.
1194 3021 1422 3081 Etenim
1448 3025 1599 3081 Deus
1622 3043 1730 3105 pro
1753 3046 1853 3084 sua
1884 3024 2148 3088 bonitate

40 3136 162 3174 non
190 3116 411 3197 patitur
449 3114 577 3175 illos
606 3115 772 3175 illudi
807 3137 872 3175 ac
902 3115 1126 3198 decipi,
1162 3117 1261 3198 qui
1299 3137 1434 3176 eum
1465 3118 1675 3178 timent
1697 3164 1713 3195 ‚
1753 3130 1810 3180 et
1841 3122 2148 3184 veritatem

40 3231 109 3269 ex
137 3220 260 3269 toto
291 3209 462 3269 corde
498 3231 564 3270 ac
601 3212 821 3271 sincera
865 3222 1065 3271 mente
1101 3212 1408 3294 inquirunt
1432 3213 1546 3293 (2).

113 3402 176 3464 (l)
216 3401 314 3449 Hoc
344 3411 411 3449 est
437 3413 755 3466 argumentum
779 3407 953 3469 septem
992 3404 1050 3451 li-
1138 3419 1298 3468 posse,
1330 3414 1382 3452 ut
1410 3403 1575 3470 aliquis
1596 3406 1762 3456 habeat
1785 3407 1961 3473 aliquid
1990 3408 2149 3456 catho-
2189 3426 2192 3430 ·

44 3480 235 3530 brorum
253 3519 265 3541 ‚
285 3499 400 3548 quos
425 3481 476 3531 S.
519 3482 801 3547 Augustinus
822 3487 1052 3550 inscripsit
1136 3485 1277 3533 licum
1290 3494 1420 3534 extra
1435 3485 1681 3536 Ecclesiam
1705 3489 1979 3538 catholicam
1995 3525 2008 3549 ‚
2029 3505 2147 3554 prae-

47 3560 127 3608 De
164 3560 411 3629 Baptismo
450 3563 676 3612 adversus
730 3565 1012 3615 Donatista-3
1033 3601 1051 3629 ‚
1138 3569 1297 3616 sertim
1323 3564 1407 3615 lib.
1436 3585 1451 3616 ι
1475 3606 1489 3630 ,
1515 3586 1618 3636 cap.
1660 3586 1739 3619 10.

46 3642 95 3690 in
117 3644 285 3709 quibus
302 3645 501 3696 ostendit
528 3646 626 3698 fieri
656 3649 792 3698 etiam
810 3649 1056 3715 aliquando
1213 3648 1279 3713 (2)
1314 3648 1447 3698 Nam
1486 3653 1532 3698 si
1565 3652 1806 3716 sapientia
1839 3659 1885 3699 et
1928 3652 2104 3702 veritas
2130 3689 2144 3715 ,
