2554 4140
731 159 865 194 mor
907 159 963 196 v.
1007 161 1075 195 nr.
1118 160 1267 196 scor..
1312 158 1541 195 cunm..
1839 180 1847 185 -
2070 136 2189 195 255

94 299 337 360 Ecclesia
377 299 557 359 veluti
589 298 870 375 radicem,
929 299 1149 358 fontem
1177 341 1193 371 ‚
1247 298 1561 377 originem,
1606 309 1779 381 caput
1821 309 1881 358 et
1923 307 2188 359 centrum

92 393 484 455 ecclesiasticae
535 394 773 452 unitatis
811 391 1094 452 >habitum
1138 390 1332 451 fuisse.
1382 393 1531 451 Hinc
1572 392 1707 453 licet
1746 393 1919 452 multi
1973 393 2190 453 fuerint

91 490 351 570 Episcopi
371 510 476 569 per
497 487 699 548 orbem
725 486 1000 568 dispersi,
1036 505 1266 565 semper
1286 494 1487 544 tamen
1506 507 1656 545 unus
1679 487 1786 562 fuit
1817 488 2189 570 Episcopatus

91 582 165 641 ob
188 585 433 642 istorum
454 583 722 642 intimam
743 580 1131 640 adhaesionem
1148 576 1223 636 ad
1248 579 1575 638 Romanum
1590 582 1928 641 Pontificem
1944 627 1960 657 ‚
1992 594 2051 642 et
2072 605 2189 643 una

92 677 358 751 Ecclesia,
376 696 502 758 quae
514 678 600 736 ad
620 676 940 736 Trinitatis
959 676 1186 740 instar,
1215 681 1282 729 ut
1303 670 1559 752 loquitur
1587 675 1642 731 S.
1666 675 2042 754 Symmachus
2064 678 2152 758 (l)
2168 722 2186 753 ,

91 777 265 851 cujus
305 794 433 832 una
473 782 558 831 est
596 781 773 848 atque
812 767 1141 825 individua
1188 777 1449 845 potestas
1472 814 1488 835 ,
1547 789 1745 826 unum
1779 791 1895 847 per
1932 772 2191 831 diversos

88 870 381 928 antistites
413 865 828 925 sacerdotium.
871 863 995 934 Qua
1026 862 1244 942 pariter
1281 861 1663 920 similitudine
1703 884 1838 921 usus
1879 875 1966 923 est
1994 866 2052 923 S.
2084 868 2190 946 Cy-

89 961 324 1042 prianus
343 960 438 1040 (2)
456 1003 473 1032 ,
503 969 629 1016 tum
653 955 728 1015 ad
750 955 1159 1037 explicandum
1182 957 1617 1035 Episcopatum
1641 949 1837 1016 unum
1865 958 2193 1038 Episcopo-

86 1078 220 1115 rum
261 1057 585 1114 'inultorum
620 1053 894 1112 concordi
929 1059 1348 1111 numerositate
1383 1052 1708 1129 deffiwwm,
1745 1063 1874 1111 tum
1908 1052 1985 1112 ad
2020 1075 2192 1135 expo-

87 1149 343 1209 nendam
370 1149 657 1206 unitatem
682 1146 835 1205 illius
871 1146 1243 1227 Episcopatus
1259 1192 1275 1218 ‚
1304 1151 1476 1225 cujus
1503 1167 1539 1204 α
1561 1148 1819 1226 ,ςι“η9ιιίι”3
1845 1152 1911 1206 in
1935 1150 2193 1209 solidum

75 1264 229 1322 pars
269 1254 506 1302 tenetur
544 1241 666 1322 (3)3
714 1241 836 1321 quis
857 1251 1054 1322 postea
1099 1240 1391 1301 concludit
1436 1262 1450 1298 ε
1498 1242 1587 1301 Et
1624 1242 1849 1301 idcirco
1892 1244 2194 1303 Dominus

83 1341 413 1396 insinuans
441 1338 615 1395 nobis
639 1339 932 1396 unitatem
960 1336 1032 1394 de
1055 1337 1269 1395 divina
1289 1340 1645 1396 auctoritate
1669 1341 1998 1397 venientem
2016 1341 2196 1417 ponit

87 1443 142 1491 et
158 1433 348 1491 dicit:
377 1433 491 1511 Ego
522 1442 582 1490 et
610 1433 780 1490 Pater
807 1451 994 1489 unum
1015 1451 1248 1502 sumu33
1287 1432 1374 1491 ad
1399 1453 1582 1510 quam
1607 1435 1903 1492 unitatem
1924 1435 2194 1513 rediyem

85 1528 418 1586 Ecclesiam
440 1546 635 1593 suam,
651 1526 762 1585 den
772 1546 841 1584 uo
857 1526 1037 1583 dicit:
1055 1526 1126 1583 Et
1143 1525 1254 1584 erit
1273 1547 1422 1585 unus
1438 1547 1598 1605 grex,
1623 1537 1684 1587 et
1698 1549 1849 1587 unus
1865 1539 2062 1609 pastor
2075 1527 2189 1608 (4);

85 1643 156 1680 ex
192 1643 307 1703 quo
346 1620 523 1679 infert
554 1641 569 1678 τ
611 1621 683 1679 Si
711 1630 914 1679 autem
940 1641 1088 1699 yram
1124 1641 1289 1679 unus
1323 1631 1437 1689 est,
1486 1623 1771 1701 quomodo
1796 1633 1988 1705 potest
2013 1631 2194 1704 φηςι·

86 1721 435 1784 numerari,
472 1718 583 1793 qui
615 1719 685 1773 in
719 1735 968 1773 numero
996 1717 1194 1793 qreqis
1228 1736 1347 1773 non
1372 1714 1494 1774 est?

172 1810 308 1869 114.
356 1811 494 1868 Jure
528 1820 836 1891 propterea
870 1809 959 1866 his
986 1809 1294 1889 praemissis
1321 1830 1428 1867 nos
1462 1810 1860 1871 concludimus
1888 1833 1904 1870 ε
1948 1811 2192 1873 Ecclesia

89 1903 301 1963 Christi
323 1904 548 1962 unitate
579 1903 874 1982 regiminis
897 1905 959 1961 in
980 1905 1152 1963 Petro
1175 1907 1414 1984 ejusque
1442 1904 1858 1965 successoribus
1881 1907 2196 1968 constituta

87 2009 211 2072 este,
256 1999 418 2079 atqui
454 2000 516 2056 in
550 1997 670 2058 sola
713 1996 957 2059 Ecclesia
997 1997 1275 2058 catholica
1327 1998 1643 2059 invenitur¹
1659 2000 1769 2059 ista
1810 2012 2095 2082 perpetua
2135 2011 2195 2060 et

86 2114 391 2174 nunquam
436 2093 764 2173 interrupta
807 2092 1085 2151 successio
1129 2094 1526 2155 Romanorum
1569 2095 1917 2155 Pontificum
1959 2105 2195 2156 cetero-

85 2210 332 2270 rumque
361 2189 627 2247 omnium
664 2189 1119 2268 Episcoporum‚
1165 2187 1265 2268 qui
1305 2209 1440 2247 cum
1482 2188 1621 2269 ipsis
1663 2189 2191 2262 communicarunt,

86 2283 437 2363 assurgendo
468 2305 498 2342 a
533 2282 808 2361 Gregorio
837 2283 997 2354 XVI,
1023 2282 1123 2362 qui
1151 2303 1309 2344 nunc
1339 2283 1648 2345 Ecclesiam
1685 2285 1866 2364 regit,
1903 2306 2086 2366 usque
2122 2284 2196 2345 ad

87 2382 355 2451 Petrum,
395 2398 608 2459 nempe
643 2398 826 2458 usque
855 2375 931 2434 ad
966 2376 1263 2458 Apostolos
1289 2389 1348 2436 et
1374 2400 1556 2459 usque
1579 2379 1650 2437 ad
1683 2378 2015 2452 Christum3
2063 2400 2197 2458 ergo

84 2473 205 2533 sola
230 2472 473 2533 Ecclesia
502 2470 779 2530 catholica
808 2469 987 2530 habet
1010 2470 1162 2530 hanc
1189 2483 1534 2553 perpetuam
1562 2474 1856 2553 regiminis
1887 2474 2194 2536 unitatem.

171 2569 306 2626 115.
337 2570 447 2628 Seu
462 2566 618 2648 quod
634 2587 992 2647 consequens
1011 2577 1099 2625 est
1115 2612 1130 2640 a
1158 2567 1205 2625 si
1225 2588 1360 2627 vera
1381 2568 1626 2627 Ecclesia
1645 2569 1859 2627 Christi
1873 2570 2193 2628 necessario

86 2674 258 2745 atque
272 2685 340 2722 ex
355 2663 536 2744 ipsius
552 2661 917 2719 institutione
930 2671 1016 2718 est
1025 2682 1140 2718 una
1151 2705 1166 2734 ,
1180 2660 1420 2720 visibilis
1431 2674 1605 2743 atque
1619 2674 1920 2743 perpetua,
1935 2685 2068 2721 cum
2079 2662 2197 2722 sola

86 2756 326 2818 Ecclesia
355 2754 636 2815 catholica
656 2754 762 2812 has
786 2752 896 2811 sibi
920 2753 1175 2812 vindicet
1199 2755 1581 2836 proprietates
1606 2801 1622 2830 ,
1653 2756 1772 2814 sola
1795 2757 1969 2835 igitur
2002 2755 2197 2816 Eccle-

86 2851 166 2909 sia
189 2850 465 2912 catholica
482 2860 570 2909 est
604 2868 741 2908 vera
768 2846 1013 2907 Ecclesia
1039 2847 1275 2908 Christi.
1310 2849 1478 2921 Quod
1507 2862 1631 2908 erat
1653 2849 2194 2911 demonstrandum.

171 2947 311 3007 116.
343 2947 426 3005 Ex
447 2944 537 3003 his
558 2943 822 3024 sequitur
851 2943 916 3000 1⁰
937 2963 1139 3002 omnes
1167 2944 1604 3004 communiones
1622 2943 1694 3006 ab
1718 2944 1924 3005 eadem
1951 2944 2197 3006 Ecclesia

88 3051 377 3121 separatas
420 3037 667 3098 totidem
710 3058 843 3096 esse
892 3058 1206 3117 synagogas
1247 3048 1492 3114 satanae,
1533 3050 1598 3098 ut
1636 3039 1832 3120 phrasi
1876 3050 2008 3099 utar
2042 3039 2198 3099 beati

90 3137 125 3193 J
130 3135 333 3192 oannis
347 3133 441 3213 (5)
461 3179 477 3207 ⁷
504 3145 563 3193 et
582 3133 855 3192 humanae
875 3130 1161 3213 superbiae
1178 3144 1558 3192 monumenta
1577 3178 1593 3208 .,
1622 3156 1744 3193 non
1771 3145 1970 3194 autem
1983 3134 2197 3195 Christi

89 3228 380 3288 EcclesiaS.

92 3496 95 3499 ,
149 3450 222 3512 (l)
240 3449 380 3514 Epist.
405 3465 449 3507 1,
471 3447 592 3513 apud
616 3445 856 3497 Labbeum
871 3482 885 3508 ‚
902 3454 1018 3493 tom.
1041 3461 1107 3504 ιν,
1261 3444 1332 3505 (3)
1366 3444 1519 3494 Tract.
1552 3445 1610 3493 de
1644 3447 1828 3495 unitate
1854 3443 2106 3498 Euolesioe.

89 3530 179 3579 col.
224 3546 368 3597 ¹²9¹·
1261 3527 1323 3591 (4)
1361 3526 1504 3592 Epist.
1535 3526 1630 3592 76,
1660 3529 1720 3579 ad
1740 3528 1981 3594 Magnum.

158 3610 229 3677 (Ξ)
265 3611 410 3676 Epist.
439 3609 535 3672 52,
565 3611 624 3660 ad
651 3612 898 3662 Antonian-
1265 3609 1330 3671 (ὅ)
1365 3607 1512 3674 Apoc.
1551 3624 1602 3661 ιη
1622 3647 1636 3671 ,
1673 3625 1726 3675 9.
