<?xml version="1.0" encoding="UTF-8"?>
<!DOCTYPE html PUBLIC "-//W3C//DTD XHTML 1.0 Transitional//EN"
    "http://www.w3.org/TR/xhtml1/DTD/xhtml1-transitional.dtd">
<html xmlns="http://www.w3.org/1999/xhtml" xml:lang="en" lang="en">
 <head>
  <title>
</title>
<meta http-equiv="Content-Type" content="text/html;charset=utf-8" />
  <meta name='ocr-system' content='tesseract 3.04.00' />
  <meta name='ocr-capabilities' content='ocr_page ocr_carea ocr_par ocr_line ocrx_word'/>
</head>
<body>
  <div class='ocr_page' id='page_1' title='image "a603693801perruoft_0333.png"; bbox 0 0 2554 4140; ppageno 0'>
   <div class='ocr_carea' id='block_1_1' title="bbox 474 167 1684 233">
    <p class='ocr_par' dir='ltr' id='par_1_1' title="bbox 474 167 1684 233">
     <span class='ocr_line' id='line_1_1' title="bbox 474 167 1684 233; baseline -0.003 -7"><span class='ocrx_word' id='word_1_1' title='bbox 474 191 626 228; x_wconf 70' lang='lat' dir='ltr'><strong>paor.</strong></span> <span class='ocrx_word' id='word_1_2' title='bbox 670 189 753 226; x_wconf 78' lang='lat' dir='ltr'><strong>ix.</strong></span> <span class='ocrx_word' id='word_1_3' title='bbox 802 190 870 233; x_wconf 67' lang='lat' dir='ltr'><strong>ms</strong></span> <span class='ocrx_word' id='word_1_4' title='bbox 914 187 1167 227; x_wconf 73' lang='lat' dir='ltr'><strong>rnornsr.</strong></span> <span class='ocrx_word' id='word_1_5' title='bbox 1215 187 1371 224; x_wconf 73' lang='lat' dir='ltr'><strong>ome.</strong></span> <span class='ocrx_word' id='word_1_6' title='bbox 1420 187 1485 222; x_wconf 77' lang='lat' dir='ltr'><strong>m·</strong></span> <span class='ocrx_word' id='word_1_7' title='bbox 1527 167 1684 223; x_wconf 75' lang='lat' dir='ltr'><strong>succ.</strong></span> 
     </span>
    </p>
   </div>
   <div class='ocr_carea' id='block_1_2' title="bbox 2015 159 2132 219">
    <p class='ocr_par' dir='ltr' id='par_1_2' title="bbox 2015 159 2132 219">
     <span class='ocr_line' id='line_1_2' title="bbox 2015 159 2132 219; baseline -0.009 0"><span class='ocrx_word' id='word_1_8' title='bbox 2015 159 2132 219; x_wconf 83' lang='lat'><strong>309</strong></span> 
     </span>
    </p>
   </div>
   <div class='ocr_carea' id='block_1_3' title="bbox 31 326 2166 1069">
    <p class='ocr_par' dir='ltr' id='par_1_3' title="bbox 31 326 2166 1069">
     <span class='ocr_line' id='line_1_3' title="bbox 113 326 2139 411; baseline -0.004 -22"><span class='ocrx_word' id='word_1_9' title='bbox 113 331 252 392; x_wconf 76' lang='lat'><strong>232.</strong></span> <span class='ocrx_word' id='word_1_10' title='bbox 298 333 569 411; x_wconf 85' lang='lat' dir='ltr'><strong>Sequitur</strong></span> <span class='ocrx_word' id='word_1_11' title='bbox 615 330 680 388; x_wconf 79' lang='lat'><strong>40</strong></span> <span class='ocrx_word' id='word_1_12' title='bbox 719 330 870 388; x_wconf 88' lang='lat' dir='ltr'><strong>hanc</strong></span> <span class='ocrx_word' id='word_1_13' title='bbox 910 326 1271 409; x_wconf 84' lang='lat' dir='ltr'><strong>potissimam</strong></span> <span class='ocrx_word' id='word_1_14' title='bbox 1311 326 1603 386; x_wconf 87' lang='lat' dir='ltr'><strong>rationem</strong></span> <span class='ocrx_word' id='word_1_15' title='bbox 1638 345 1758 385; x_wconf 92' lang='lat' dir='ltr'><strong>esse</strong></span> <span class='ocrx_word' id='word_1_16' title='bbox 1805 345 1906 383; x_wconf 88' lang='lat' dir='ltr'><strong>cur</strong></span> <span class='ocrx_word' id='word_1_17' title='bbox 1941 334 2030 382; x_wconf 87' lang='lat' dir='ltr'><strong>tot</strong></span> <span class='ocrx_word' id='word_1_18' title='bbox 2067 344 2139 382; x_wconf 79' lang='lat' dir='ltr'><strong>ex</strong></span> 
     </span>
     <span class='ocr_line' id='line_1_4' title="bbox 35 418 2133 507; baseline -0.005 -22"><span class='ocrx_word' id='word_1_19' title='bbox 35 426 275 507; x_wconf 87' lang='lat' dir='ltr'><strong>privatis</strong></span> <span class='ocrx_word' id='word_1_20' title='bbox 312 437 370 484; x_wconf 87' lang='lat' dir='ltr'><strong>et</strong></span> <span class='ocrx_word' id='word_1_21' title='bbox 414 423 773 507; x_wconf 88' lang='lat' dir='ltr'><strong>principibus</strong></span> <span class='ocrx_word' id='word_1_22' title='bbox 817 423 955 482; x_wconf 89' lang='lat' dir='ltr'><strong>viris</strong></span> <span class='ocrx_word' id='word_1_23' title='bbox 977 465 997 494; x_wconf 84' lang='lat'><strong>,</strong></span> <span class='ocrx_word' id='word_1_24' title='bbox 1028 418 1305 478; x_wconf 73' lang='lat' dir='ltr'><strong>doc-trina</strong></span> <span class='ocrx_word' id='word_1_25' title='bbox 1344 432 1406 480; x_wconf 89' lang='lat' dir='ltr'><strong>et</strong></span> <span class='ocrx_word' id='word_1_26' title='bbox 1446 421 1771 481; x_wconf 83' lang='lat' dir='ltr'><strong>eruditione</strong></span> <span class='ocrx_word' id='word_1_27' title='bbox 1805 418 2133 501; x_wconf 82' lang='lat' dir='ltr'><strong>conspicui,</strong></span> 
     </span>
     <span class='ocr_line' id='line_1_5' title="bbox 34 511 2139 600; baseline -0.004 -21"><span class='ocrx_word' id='word_1_28' title='bbox 34 518 316 599; x_wconf 87' lang='lat' dir='ltr'><strong>ejusmodi</strong></span> <span class='ocrx_word' id='word_1_29' title='bbox 349 519 519 578; x_wconf 86' lang='lat' dir='ltr'><strong>chaos</strong></span> <span class='ocrx_word' id='word_1_30' title='bbox 539 565 555 594; x_wconf 80' lang='lat'>‚</span> <span class='ocrx_word' id='word_1_31' title='bbox 598 517 755 599; x_wconf 91' lang='lat' dir='ltr'><strong>quod</strong></span> <span class='ocrx_word' id='word_1_32' title='bbox 785 513 1102 575; x_wconf 88' lang='lat' dir='ltr'><strong>necessario</strong></span> <span class='ocrx_word' id='word_1_33' title='bbox 1133 515 1616 600; x_wconf 14' lang='lat' dir='ltr'><strong>Protestantisqmo</strong></span> <span class='ocrx_word' id='word_1_34' title='bbox 1648 516 1802 573; x_wconf 89' lang='lat' dir='ltr'><strong>inest</strong></span> <span class='ocrx_word' id='word_1_35' title='bbox 1821 559 1837 589; x_wconf 80' lang='lat'><strong>.,</strong></span> <span class='ocrx_word' id='word_1_36' title='bbox 1869 511 2139 572; x_wconf 84' lang='lat' dir='ltr'><strong>animad—</strong></span> 
     </span>
     <span class='ocr_line' id='line_1_6' title="bbox 31 606 2129 689; baseline -0.004 -15"><span class='ocrx_word' id='word_1_37' title='bbox 31 626 323 674; x_wconf 84' lang='lat' dir='ltr'><strong>vertentes</strong></span> <span class='ocrx_word' id='word_1_38' title='bbox 344 659 360 688; x_wconf 89' lang='lat'><strong>.,</strong></span> <span class='ocrx_word' id='word_1_39' title='bbox 395 613 469 672; x_wconf 90' lang='lat' dir='ltr'><strong>ad</strong></span> <span class='ocrx_word' id='word_1_40' title='bbox 508 612 765 672; x_wconf 83' lang='lat' dir='ltr'><strong>Ecclesiae</strong></span> <span class='ocrx_word' id='word_1_41' title='bbox 801 606 1093 669; x_wconf 84' lang='lat' dir='ltr'><strong>catholicae</strong></span> <span class='ocrx_word' id='word_1_42' title='bbox 1120 606 1439 685; x_wconf 73' lang='lat' dir='ltr'><strong>gremium,</strong></span> <span class='ocrx_word' id='word_1_43' title='bbox 1476 629 1510 666; x_wconf 87' lang='lat' dir='ltr'><strong>a</strong></span> <span class='ocrx_word' id='word_1_44' title='bbox 1539 631 1654 689; x_wconf 90' lang='lat' dir='ltr'><strong>quo</strong></span> <span class='ocrx_word' id='word_1_45' title='bbox 1690 630 1896 667; x_wconf 90' lang='lat' dir='ltr'><strong>eorum</strong></span> <span class='ocrx_word' id='word_1_46' title='bbox 1933 620 2129 689; x_wconf 87' lang='lat' dir='ltr'><strong>patres</strong></span> 
     </span>
     <span class='ocr_line' id='line_1_7' title="bbox 37 698 2141 785; baseline -0.004 -17"><span class='ocrx_word' id='word_1_47' title='bbox 37 721 418 785; x_wconf 85' lang='lat' dir='ltr'><strong>recesserant,</strong></span> <span class='ocrx_word' id='word_1_48' title='bbox 461 730 521 767; x_wconf 88' lang='lat' dir='ltr'><strong>se</strong></span> <span class='ocrx_word' id='word_1_49' title='bbox 555 728 616 766; x_wconf 88' lang='lat' dir='ltr'><strong>se</strong></span> <span class='ocrx_word' id='word_1_50' title='bbox 648 703 974 784; x_wconf 85' lang='lat' dir='ltr'><strong>receperint</strong></span> <span class='ocrx_word' id='word_1_51' title='bbox 994 746 1010 775; x_wconf 75' lang='grc'><em>,</em></span> <span class='ocrx_word' id='word_1_52' title='bbox 1048 711 1114 759; x_wconf 85' lang='lat' dir='ltr'><strong>ut</strong></span> <span class='ocrx_word' id='word_1_53' title='bbox 1140 701 1203 758; x_wconf 92' lang='lat' dir='ltr'><strong>in</strong></span> <span class='ocrx_word' id='word_1_54' title='bbox 1239 698 1344 758; x_wconf 92' lang='lat' dir='ltr'><strong>illo</strong></span> <span class='ocrx_word' id='word_1_55' title='bbox 1369 703 1730 762; x_wconf 78' lang='lat' dir='ltr'><strong>conscientiae</strong></span> <span class='ocrx_word' id='word_1_56' title='bbox 1758 725 1963 784; x_wconf 81' lang='lat' dir='ltr'><strong>pacem</strong></span> <span class='ocrx_word' id='word_1_57' title='bbox 1988 725 2141 761; x_wconf 81' lang='lat' dir='ltr'><strong>nan-</strong></span> 
     </span>
     <span class='ocr_line' id='line_1_8' title="bbox 34 796 2142 883; baseline -0.003 -20"><span class='ocrx_word' id='word_1_58' title='bbox 34 805 415 877; x_wconf 69' lang='lat' dir='ltr'><strong>ciscerentur,</strong></span> <span class='ocrx_word' id='word_1_59' title='bbox 452 806 627 883; x_wconf 85' lang='lat' dir='ltr'><strong>quam</strong></span> <span class='ocrx_word' id='word_1_60' title='bbox 665 800 875 857; x_wconf 87' lang='lat' dir='ltr'><strong>frustra</strong></span> <span class='ocrx_word' id='word_1_61' title='bbox 910 798 1065 855; x_wconf 87' lang='lat' dir='ltr'><strong>inter</strong></span> <span class='ocrx_word' id='word_1_62' title='bbox 1102 807 1191 854; x_wconf 83' lang='lat' dir='ltr'><strong>tot</strong></span> <span class='ocrx_word' id='word_1_63' title='bbox 1224 796 1652 854; x_wconf 83' lang='lat' dir='ltr'><strong>sententiarum</strong></span> <span class='ocrx_word' id='word_1_64' title='bbox 1690 798 2036 856; x_wconf 84' lang='lat' dir='ltr'><strong>varietatem</strong></span> <span class='ocrx_word' id='word_1_65' title='bbox 2076 818 2142 856; x_wconf 87' lang='lat' dir='ltr'><strong>ac</strong></span> 
     </span>
     <span class='ocr_line' id='line_1_9' title="bbox 32 889 2135 978; baseline -0.002 -23"><span class='ocrx_word' id='word_1_66' title='bbox 32 896 239 956; x_wconf 88' lang='lat' dir='ltr'><strong>fluctus</strong></span> <span class='ocrx_word' id='word_1_67' title='bbox 260 897 623 978; x_wconf 74' lang='lat' dir='ltr'><strong>quaesierant.</strong></span> <span class='ocrx_word' id='word_1_68' title='bbox 642 894 794 950; x_wconf 87' lang='lat' dir='ltr'><strong>Dum</strong></span> <span class='ocrx_word' id='word_1_69' title='bbox 815 902 1019 949; x_wconf 87' lang='lat' dir='ltr'><strong>contra</strong></span> <span class='ocrx_word' id='word_1_70' title='bbox 1033 891 1271 949; x_wconf 87' lang='lat' dir='ltr'><strong>nonnisi</strong></span> <span class='ocrx_word' id='word_1_71' title='bbox 1285 890 1455 970; x_wconf 89' lang='lat' dir='ltr'><strong>pauci</strong></span> <span class='ocrx_word' id='word_1_72' title='bbox 1472 889 1808 971; x_wconf 87' lang='lat' dir='ltr'><strong>sordidique</strong></span> <span class='ocrx_word' id='word_1_73' title='bbox 1829 902 2135 972; x_wconf 85' lang='lat' dir='ltr'><strong>apostatae.,</strong></span> 
     </span>
     <span class='ocr_line' id='line_1_10' title="bbox 31 985 2166 1069; baseline -0.003 -19"><span class='ocrx_word' id='word_1_74' title='bbox 31 991 322 1050; x_wconf 87' lang='lat' dir='ltr'><strong>caelibatus</strong></span> <span class='ocrx_word' id='word_1_75' title='bbox 367 1009 439 1047; x_wconf 88' lang='lat' dir='ltr'><strong>ac·</strong></span> <span class='ocrx_word' id='word_1_76' title='bbox 474 986 722 1069; x_wconf 87' lang='lat' dir='ltr'><strong>propriae</strong></span> <span class='ocrx_word' id='word_1_77' title='bbox 775 986 1092 1046; x_wconf 86' lang='lat' dir='ltr'><strong>vocationis</strong></span> <span class='ocrx_word' id='word_1_78' title='bbox 1143 985 1368 1066; x_wconf 83' lang='lat' dir='ltr'><strong>pertaesi</strong></span> <span class='ocrx_word' id='word_1_79' title='bbox 1399 1029 1416 1059; x_wconf 83' lang='lat'><strong>‚</strong></span> <span class='ocrx_word' id='word_1_80' title='bbox 1470 985 1545 1044; x_wconf 90' lang='lat' dir='ltr'><strong>ad</strong></span> <span class='ocrx_word' id='word_1_81' title='bbox 1594 987 2166 1069; x_wconf 7' lang='lat' dir='ltr'><strong>protestantismum*</strong></span> 
     </span>
    </p>
   </div>
   <div class='ocr_carea' id='block_1_4' title="bbox 33 1083 490 1163">
    <p class='ocr_par' dir='ltr' id='par_1_4' title="bbox 33 1083 490 1163">
     <span class='ocr_line' id='line_1_11' title="bbox 33 1083 490 1163; baseline -0.015 -16"><span class='ocrx_word' id='word_1_82' title='bbox 33 1087 362 1146; x_wconf 88' lang='lat' dir='ltr'><strong>defecerunt</strong></span> <span class='ocrx_word' id='word_1_83' title='bbox 385 1083 490 1163; x_wconf 88' lang='lat'>(1).</span> 
     </span>
    </p>
   </div>
   <div class='ocr_carea' id='block_1_5' title="bbox 22 1312 1047 2359">
    <p class='ocr_par' dir='ltr' id='par_1_5' title="bbox 22 1312 1047 1627">
     <span class='ocr_line' id='line_1_12' title="bbox 22 1312 1046 1381; baseline -0.002 -18"><span class='ocrx_word' id='word_1_84' title='bbox 22 1324 252 1381; x_wconf 81' lang='lat' dir='ltr'><strong>protestor</strong></span> <span class='ocrx_word' id='word_1_85' title='bbox 283 1324 446 1362; x_wconf 78' lang='lat' dir='ltr'><strong>contra</strong></span> <span class='ocrx_word' id='word_1_86' title='bbox 486 1312 752 1363; x_wconf 71' lang='lat' dir='ltr'><strong>Ecclesiam</strong></span> <span class='ocrx_word' id='word_1_87' title='bbox 780 1329 1046 1362; x_wconf 80' lang='lat' dir='ltr'><strong>romanam.</strong></span> 
     </span>
     <span class='ocr_line' id='line_1_13' title="bbox 31 1384 1046 1462; baseline -0.002 -16"><span class='ocrx_word' id='word_1_88' title='bbox 31 1399 170 1447; x_wconf 75' lang='lat' dir='ltr'><strong>Cous·</strong></span> <span class='ocrx_word' id='word_1_89' title='bbox 201 1398 389 1462; x_wconf 86' lang='lat' dir='ltr'><strong>epistola</strong></span> <span class='ocrx_word' id='word_1_90' title='bbox 420 1384 526 1445; x_wconf 85' lang='lat' dir='ltr'><strong>data</strong></span> <span class='ocrx_word' id='word_1_91' title='bbox 548 1398 605 1446; x_wconf 86' lang='lat' dir='ltr'><strong>ad</strong></span> <span class='ocrx_word' id='word_1_92' title='bbox 628 1398 880 1446; x_wconf 83' lang='lat' dir='ltr'><strong>redactores</strong></span> <span class='ocrx_word' id='word_1_93' title='bbox 904 1397 1046 1446; x_wconf 84' lang='lat' dir='ltr'><strong>Revi-</strong></span> 
     </span>
     <span class='ocr_line' id='line_1_14' title="bbox 31 1465 1047 1543; baseline -0.002 -15"><span class='ocrx_word' id='word_1_94' title='bbox 31 1483 168 1528; x_wconf 88' lang='lat' dir='ltr'><strong>sionis</strong></span> <span class='ocrx_word' id='word_1_95' title='bbox 189 1481 522 1543; x_wconf 62' lang='lat' dir='ltr'><strong>protesmnticae</strong></span> <span class='ocrx_word' id='word_1_96' title='bbox 537 1481 587 1525; x_wconf 88' lang='lat' dir='ltr'><strong>in</strong></span> <span class='ocrx_word' id='word_1_97' title='bbox 604 1465 865 1526; x_wconf 69' lang='lat' dir='ltr'><strong>Memorial</strong></span> <span class='ocrx_word' id='word_1_98' title='bbox 884 1477 1047 1526; x_wconf 76' lang='lat' dir='ltr'><strong>catho-</strong></span> 
     </span>
     <span class='ocr_line' id='line_1_15' title="bbox 29 1555 1041 1627; baseline -0.001 -18"><span class='ocrx_word' id='word_1_99' title='bbox 29 1556 156 1627; x_wconf 80' lang='lat' dir='ltr'><strong>lique</strong></span> <span class='ocrx_word' id='word_1_100' title='bbox 177 1597 191 1619; x_wconf 94' lang='lat'>‚</span> <span class='ocrx_word' id='word_1_101' title='bbox 230 1578 387 1609; x_wconf 85' lang='lat' dir='ltr'><strong>mense</strong></span> <span class='ocrx_word' id='word_1_102' title='bbox 430 1559 700 1619; x_wconf 85' lang='lat' dir='ltr'><strong>Februarii,</strong></span> <span class='ocrx_word' id='word_1_103' title='bbox 735 1577 857 1608; x_wconf 89' lang='lat' dir='ltr'><strong>anno</strong></span> <span class='ocrx_word' id='word_1_104' title='bbox 894 1555 1041 1624; x_wconf 85' lang='lat'>1827.</span> 
     </span>
    </p>

    <p class='ocr_par' dir='ltr' id='par_1_6' title="bbox 22 1640 1043 2359">
     <span class='ocr_line' id='line_1_16' title="bbox 100 1640 1039 1707; baseline 0.001 -18"><span class='ocrx_word' id='word_1_105' title='bbox 100 1643 166 1707; x_wconf 89' lang='lat'><strong>(1)</strong></span> <span class='ocrx_word' id='word_1_106' title='bbox 203 1642 445 1690; x_wconf 86' lang='lat' dir='ltr'><strong>Innumeri</strong></span> <span class='ocrx_word' id='word_1_107' title='bbox 466 1658 608 1706; x_wconf 86' lang='lat' dir='ltr'><strong>prope</strong></span> <span class='ocrx_word' id='word_1_108' title='bbox 628 1651 736 1689; x_wconf 86' lang='lat' dir='ltr'><strong>sunt</strong></span> <span class='ocrx_word' id='word_1_109' title='bbox 752 1640 995 1690; x_wconf 87' lang='lat' dir='ltr'><strong>nobilitate</strong></span> <span class='ocrx_word' id='word_1_110' title='bbox 1026 1679 1039 1702; x_wconf 90' lang='lat'><strong>,</strong></span> 
     </span>
     <span class='ocr_line' id='line_1_17' title="bbox 31 1724 1043 1788; baseline -0.001 -16"><span class='ocrx_word' id='word_1_111' title='bbox 31 1725 240 1772; x_wconf 85' lang='lat' dir='ltr'><strong>doctrina</strong></span> <span class='ocrx_word' id='word_1_112' title='bbox 290 1734 334 1770; x_wconf 86' lang='lat' dir='ltr'><strong>et</strong></span> <span class='ocrx_word' id='word_1_113' title='bbox 382 1724 640 1772; x_wconf 83' lang='lat' dir='ltr'><strong>eruditione</strong></span> <span class='ocrx_word' id='word_1_114' title='bbox 679 1726 911 1788; x_wconf 83' lang='lat' dir='ltr'><strong>insignes,</strong></span> <span class='ocrx_word' id='word_1_115' title='bbox 955 1725 1043 1788; x_wconf 84' lang='lat' dir='ltr'><strong>qui</strong></span> 
     </span>
     <span class='ocr_line' id='line_1_18' title="bbox 29 1794 1042 1870; baseline -0.001 -16"><span class='ocrx_word' id='word_1_116' title='bbox 29 1806 88 1854; x_wconf 87' lang='lat' dir='ltr'><strong>ad</strong></span> <span class='ocrx_word' id='word_1_117' title='bbox 115 1806 381 1870; x_wconf 79' lang='lat' dir='ltr'><strong>religionem</strong></span> <span class='ocrx_word' id='word_1_118' title='bbox 407 1794 678 1853; x_wconf 83' lang='lat' dir='ltr'><strong>catholicam</strong></span> <span class='ocrx_word' id='word_1_119' title='bbox 696 1806 754 1853; x_wconf 86' lang='lat' dir='ltr'><strong>ab</strong></span> <span class='ocrx_word' id='word_1_120' title='bbox 787 1806 922 1852; x_wconf 86' lang='lat' dir='ltr'><strong>initio</strong></span> <span class='ocrx_word' id='word_1_121' title='bbox 951 1805 1042 1853; x_wconf 91' lang='lat' dir='ltr'><strong>hu·</strong></span> 
     </span>
     <span class='ocr_line' id='line_1_19' title="bbox 25 1885 1043 1953; baseline -0.001 -18"><span class='ocrx_word' id='word_1_122' title='bbox 25 1890 101 1953; x_wconf 81' lang='lat' dir='ltr'><strong>jus</strong></span> <span class='ocrx_word' id='word_1_123' title='bbox 129 1888 282 1935; x_wconf 87' lang='lat' dir='ltr'><strong>saeculi</strong></span> <span class='ocrx_word' id='word_1_124' title='bbox 307 1924 320 1946; x_wconf 90' lang='lat'>‚</span> <span class='ocrx_word' id='word_1_125' title='bbox 345 1898 445 1935; x_wconf 83' lang='lat' dir='ltr'><strong>tum</strong></span> <span class='ocrx_word' id='word_1_126' title='bbox 474 1889 525 1933; x_wconf 86' lang='lat' dir='ltr'><strong>in</strong></span> <span class='ocrx_word' id='word_1_127' title='bbox 551 1885 795 1935; x_wconf 85' lang='lat' dir='ltr'><strong>Germania</strong></span> <span class='ocrx_word' id='word_1_128' title='bbox 811 1923 828 1944; x_wconf 92' lang='lat'>‚</span> <span class='ocrx_word' id='word_1_129' title='bbox 859 1897 959 1934; x_wconf 88' lang='lat' dir='ltr'><strong>tum</strong></span> <span class='ocrx_word' id='word_1_130' title='bbox 992 1887 1043 1934; x_wconf 88' lang='lat' dir='ltr'><strong>in</strong></span> 
     </span>
     <span class='ocr_line' id='line_1_20' title="bbox 30 1967 1040 2033; baseline 0 -18"><span class='ocrx_word' id='word_1_131' title='bbox 30 1967 194 2033; x_wconf 79' lang='lat' dir='ltr'><strong>Anglia</strong></span> <span class='ocrx_word' id='word_1_132' title='bbox 224 2004 239 2031; x_wconf 87' lang='lat'>,</span> <span class='ocrx_word' id='word_1_133' title='bbox 280 1967 424 2016; x_wconf 83' lang='lat' dir='ltr'><strong>Gallia</strong></span> <span class='ocrx_word' id='word_1_134' title='bbox 467 1979 506 2016; x_wconf 79' lang='lat' dir='ltr'><strong>et</strong></span> <span class='ocrx_word' id='word_1_135' title='bbox 555 1967 800 2016; x_wconf 87' lang='lat' dir='ltr'><strong>Foederatis</strong></span> <span class='ocrx_word' id='word_1_136' title='bbox 846 1968 1040 2016; x_wconf 88' lang='lat' dir='ltr'><strong>statibus</strong></span> 
     </span>
     <span class='ocr_line' id='line_1_21' title="bbox 30 2049 1040 2114; baseline 0.001 -16"><span class='ocrx_word' id='word_1_137' title='bbox 30 2049 249 2099; x_wconf 85' lang='lat' dir='ltr'><strong>Americae</strong></span> <span class='ocrx_word' id='word_1_138' title='bbox 262 2050 513 2099; x_wconf 86' lang='lat' dir='ltr'><strong>redierunt.</strong></span> <span class='ocrx_word' id='word_1_139' title='bbox 539 2050 751 2114; x_wconf 83' lang='lat' dir='ltr'><strong>Longum</strong></span> <span class='ocrx_word' id='word_1_140' title='bbox 771 2060 887 2099; x_wconf 88' lang='lat' dir='ltr'><strong>esset</strong></span> <span class='ocrx_word' id='word_1_141' title='bbox 919 2060 1040 2099; x_wconf 88' lang='lat' dir='ltr'><strong>cata·</strong></span> 
     </span>
     <span class='ocr_line' id='line_1_22' title="bbox 29 2131 1037 2196; baseline 0.002 -17"><span class='ocrx_word' id='word_1_142' title='bbox 29 2132 190 2196; x_wconf 82' lang='lat' dir='ltr'><strong>logum</strong></span> <span class='ocrx_word' id='word_1_143' title='bbox 223 2142 390 2180; x_wconf 81' lang='lat' dir='ltr'><strong>texere.</strong></span> <span class='ocrx_word' id='word_1_144' title='bbox 416 2131 455 2178; x_wconf 79' lang='grc' dir='ltr'><strong>Α</strong></span> <span class='ocrx_word' id='word_1_145' title='bbox 480 2132 636 2180; x_wconf 87' lang='lat' dir='ltr'><strong>multis</strong></span> <span class='ocrx_word' id='word_1_146' title='bbox 659 2134 793 2180; x_wconf 84' lang='lat' dir='ltr'><strong>annis</strong></span> <span class='ocrx_word' id='word_1_147' title='bbox 818 2135 869 2179; x_wconf 89' lang='lat' dir='ltr'><strong>in</strong></span> <span class='ocrx_word' id='word_1_148' title='bbox 899 2132 1037 2181; x_wconf 87' lang='lat' dir='ltr'><strong>Hun-</strong></span> 
     </span>
     <span class='ocr_line' id='line_1_23' title="bbox 29 2213 1039 2283; baseline 0.001 -22"><span class='ocrx_word' id='word_1_149' title='bbox 29 2216 149 2278; x_wconf 86' lang='lat' dir='ltr'><strong>garia</strong></span> <span class='ocrx_word' id='word_1_150' title='bbox 178 2214 226 2261; x_wconf 89' lang='lat' dir='ltr'><strong>id</strong></span> <span class='ocrx_word' id='word_1_151' title='bbox 257 2213 638 2261; x_wconf 82' lang='lat' dir='ltr'><strong>animadvertitur</strong></span> <span class='ocrx_word' id='word_1_152' title='bbox 657 2250 672 2272; x_wconf 93' lang='lat'>‚</span> <span class='ocrx_word' id='word_1_153' title='bbox 702 2213 1039 2283; x_wconf 55' lang='lat' dir='ltr'><strong>quodssingulis</strong></span> 
     </span>
     <span class='ocr_line' id='line_1_24' title="bbox 22 2294 1036 2359; baseline 0.002 -17"><span class='ocrx_word' id='word_1_154' title='bbox 22 2297 162 2343; x_wconf 72' lang='lat' dir='ltr'><strong>&#39;annis</strong></span> <span class='ocrx_word' id='word_1_155' title='bbox 196 2314 247 2343; x_wconf 77' lang='lat' dir='ltr'><strong>ex</strong></span> <span class='ocrx_word' id='word_1_156' title='bbox 267 2294 639 2359; x_wconf 76' lang='lat' dir='ltr'><strong>friqescentibus</strong></span> <span class='ocrx_word' id='word_1_157' title='bbox 676 2294 936 2343; x_wconf 78' lang='lat' dir='ltr'><strong>Catholicis</strong></span> <span class='ocrx_word' id='word_1_158' title='bbox 981 2296 1036 2344; x_wconf 91' lang='lat' dir='ltr'><strong>ad</strong></span> 
     </span>
    </p>
   </div>
   <div class='ocr_carea' id='block_1_6' title="bbox 28 2375 1078 2441">
    <p class='ocr_par' dir='ltr' id='par_1_7' title="bbox 28 2375 1078 2441">
     <span class='ocr_line' id='line_1_25' title="bbox 28 2375 1078 2441; baseline 0.001 -17"><span class='ocrx_word' id='word_1_159' title='bbox 28 2378 292 2441; x_wconf 81' lang='lat' dir='ltr'><strong>religionem</strong></span> <span class='ocrx_word' id='word_1_160' title='bbox 327 2380 692 2441; x_wconf 85' lang='lat' dir='ltr'><strong>protestanticam</strong></span> <span class='ocrx_word' id='word_1_161' title='bbox 726 2396 752 2426; x_wconf 91' lang='lat' dir='ltr'><strong>a</strong></span> <span class='ocrx_word' id='word_1_162' title='bbox 792 2377 856 2425; x_wconf 87' lang='grc' dir='ltr'><strong>3ο</strong></span> <span class='ocrx_word' id='word_1_163' title='bbox 891 2377 950 2425; x_wconf 89' lang='lat' dir='ltr'><strong>ad</strong></span> <span class='ocrx_word' id='word_1_164' title='bbox 974 2375 1038 2441; x_wconf 73' lang='grc' dir='ltr'><strong>4ο</strong></span> <span class='ocrx_word' id='word_1_165' title='bbox 1066 2388 1078 2398; x_wconf 85' lang='grc'><em>“</em></span> 
     </span>
    </p>
   </div>
   <div class='ocr_carea' id='block_1_7' title="bbox 29 2457 1040 3587">
    <p class='ocr_par' dir='ltr' id='par_1_8' title="bbox 29 2457 1040 3587">
     <span class='ocr_line' id='line_1_26' title="bbox 30 2457 1038 2523; baseline 0.002 -17"><span class='ocrx_word' id='word_1_166' title='bbox 30 2461 257 2523; x_wconf 82' lang='lat' dir='ltr'><strong>migrent3</strong></span> <span class='ocrx_word' id='word_1_167' title='bbox 303 2469 458 2507; x_wconf 82' lang='lat' dir='ltr'><strong>contra</strong></span> <span class='ocrx_word' id='word_1_168' title='bbox 504 2475 565 2506; x_wconf 81' lang='lat' dir='ltr'><strong>ex</strong></span> <span class='ocrx_word' id='word_1_169' title='bbox 617 2457 977 2508; x_wconf 83' lang='lat' dir='ltr'><strong>Protestantibus</strong></span> <span class='ocrx_word' id='word_1_170' title='bbox 1012 2477 1038 2508; x_wconf 89' lang='lat' dir='ltr'><strong>a</strong></span> 
     </span>
     <span class='ocr_line' id='line_1_27' title="bbox 30 2537 1036 2590; baseline -0.001 -1"><span class='ocrx_word' id='word_1_171' title='bbox 30 2538 126 2589; x_wconf 81' lang='lat'><strong>500</strong></span> <span class='ocrx_word' id='word_1_172' title='bbox 151 2539 210 2588; x_wconf 88' lang='lat' dir='ltr'><strong>ad</strong></span> <span class='ocrx_word' id='word_1_173' title='bbox 249 2537 348 2590; x_wconf 86' lang='lat'><strong>600</strong></span> <span class='ocrx_word' id='word_1_174' title='bbox 382 2541 439 2588; x_wconf 88' lang='lat' dir='ltr'><strong>ad</strong></span> <span class='ocrx_word' id='word_1_175' title='bbox 479 2539 728 2589; x_wconf 87' lang='lat' dir='ltr'><strong>Ecclesiam</strong></span> <span class='ocrx_word' id='word_1_176' title='bbox 765 2541 1036 2588; x_wconf 84' lang='lat' dir='ltr'><strong>catholicam</strong></span> 
     </span>
     <span class='ocr_line' id='line_1_28' title="bbox 29 2621 1036 2686; baseline 0.002 -20"><span class='ocrx_word' id='word_1_177' title='bbox 29 2636 75 2670; x_wconf 88' lang='lat' dir='ltr'><strong>se</strong></span> <span class='ocrx_word' id='word_1_178' title='bbox 104 2622 340 2670; x_wconf 89' lang='lat' dir='ltr'><strong>conferant</strong></span> <span class='ocrx_word' id='word_1_179' title='bbox 360 2639 374 2681; x_wconf 91' lang='lat'>;</span> <span class='ocrx_word' id='word_1_180' title='bbox 399 2621 505 2670; x_wconf 88' lang='lat' dir='ltr'><strong>licet</strong></span> <span class='ocrx_word' id='word_1_181' title='bbox 523 2623 756 2686; x_wconf 83' lang='lat' dir='ltr'><strong>provocati</strong></span> <span class='ocrx_word' id='word_1_182' title='bbox 773 2621 1036 2670; x_wconf 83' lang='lat' dir='ltr'><strong>Protestan·</strong></span> 
     </span>
     <span class='ocr_line' id='line_1_29' title="bbox 32 2703 1040 2766; baseline 0.001 -17"><span class='ocrx_word' id='word_1_183' title='bbox 32 2711 96 2750; x_wconf 86' lang='lat' dir='ltr'><strong>tes</strong></span> <span class='ocrx_word' id='word_1_184' title='bbox 108 2737 129 2762; x_wconf 78' lang='lat'>‚</span> <span class='ocrx_word' id='word_1_185' title='bbox 153 2713 204 2750; x_wconf 87' lang='lat' dir='ltr'><strong>ut</strong></span> <span class='ocrx_word' id='word_1_186' title='bbox 222 2704 312 2751; x_wconf 88' lang='lat' dir='ltr'><strong>hoc</strong></span> <span class='ocrx_word' id='word_1_187' title='bbox 329 2703 498 2750; x_wconf 87' lang='lat' dir='ltr'><strong>factum</strong></span> <span class='ocrx_word' id='word_1_188' title='bbox 522 2712 745 2766; x_wconf 85' lang='lat' dir='ltr'><strong>negarent</strong></span> <span class='ocrx_word' id='word_1_189' title='bbox 764 2738 778 2759; x_wconf 88' lang='lat'>‚</span> <span class='ocrx_word' id='word_1_190' title='bbox 804 2703 949 2750; x_wconf 89' lang='lat' dir='ltr'><strong>altum</strong></span> <span class='ocrx_word' id='word_1_191' title='bbox 973 2711 1040 2750; x_wconf 89' lang='lat' dir='ltr'><strong>ta-</strong></span> 
     </span>
     <span class='ocr_line' id='line_1_30' title="bbox 33 2780 1034 2832; baseline 0.001 -3"><span class='ocrx_word' id='word_1_192' title='bbox 33 2799 139 2830; x_wconf 85' lang='lat' dir='ltr'><strong>men</strong></span> <span class='ocrx_word' id='word_1_193' title='bbox 166 2783 401 2832; x_wconf 86' lang='lat' dir='ltr'><strong>silentium</strong></span> <span class='ocrx_word' id='word_1_194' title='bbox 432 2793 684 2831; x_wconf 82' lang='lat' dir='ltr'><strong>servarunt.</strong></span> <span class='ocrx_word' id='word_1_195' title='bbox 720 2782 858 2831; x_wconf 90' lang='lat' dir='ltr'><strong>Cons.</strong></span> <span class='ocrx_word' id='word_1_196' title='bbox 901 2780 1034 2831; x_wconf 82' lang='lat' dir='ltr'><strong>Um·-</strong></span> 
     </span>
     <span class='ocr_line' id='line_1_31' title="bbox 34 2863 1040 2928; baseline 0.001 -18"><span class='ocrx_word' id='word_1_197' title='bbox 34 2863 230 2912; x_wconf 81' lang='lat' dir='ltr'><strong>versalis</strong></span> <span class='ocrx_word' id='word_1_198' title='bbox 275 2866 464 2912; x_wconf 77' lang='lat' dir='ltr'><strong>amicus</strong></span> <span class='ocrx_word' id='word_1_199' title='bbox 509 2864 646 2928; x_wconf 76' lang='lat' dir='ltr'><strong>reliq.</strong></span> <span class='ocrx_word' id='word_1_200' title='bbox 700 2872 746 2911; x_wconf 74' lang='lat' dir='ltr'><strong>et</strong></span> <span class='ocrx_word' id='word_1_201' title='bbox 788 2863 945 2912; x_wconf 85' lang='lat' dir='ltr'><strong>eccles.</strong></span> <span class='ocrx_word' id='word_1_202' title='bbox 996 2871 1040 2912; x_wconf 78' lang='lat' dir='ltr'><strong>et</strong></span> 
     </span>
     <span class='ocr_line' id='line_1_32' title="bbox 38 2943 1040 3011; baseline 0 -18"><span class='ocrx_word' id='word_1_203' title='bbox 38 2943 416 3011; x_wconf 79' lang='lat' dir='ltr'><strong>Correspondens</strong></span> <span class='ocrx_word' id='word_1_204' title='bbox 465 2944 625 2994; x_wconf 86' lang='lat' dir='ltr'><strong>eccles.</strong></span> <span class='ocrx_word' id='word_1_205' title='bbox 677 2963 702 2993; x_wconf 93' lang='lat' dir='ltr'><strong>a</strong></span> <span class='ocrx_word' id='word_1_206' title='bbox 740 2944 802 2995; x_wconf 91' lang='lat' dir='ltr'><strong>D.</strong></span> <span class='ocrx_word' id='word_1_207' title='bbox 844 2945 1040 2994; x_wconf 83' lang='lat' dir='ltr'><strong>Benkert</strong></span> 
     </span>
     <span class='ocr_line' id='line_1_33' title="bbox 34 3015 1040 3094; baseline 0.003 -21"><span class='ocrx_word' id='word_1_208' title='bbox 34 3015 271 3091; x_wconf 83' lang='lat' dir='ltr'><strong>Herbipoli</strong></span> <span class='ocrx_word' id='word_1_209' title='bbox 302 3025 622 3094; x_wconf 82' lang='lat' dir='ltr'><strong>(Wiirzburg)</strong></span> <span class='ocrx_word' id='word_1_210' title='bbox 656 3028 767 3076; x_wconf 88' lang='lat' dir='ltr'><strong>edit.</strong></span> <span class='ocrx_word' id='word_1_211' title='bbox 793 3046 843 3076; x_wconf 92' lang='lat' dir='ltr'><strong>n.</strong></span> <span class='ocrx_word' id='word_1_212' title='bbox 866 3043 900 3093; x_wconf 87' lang='lat'>9</span> <span class='ocrx_word' id='word_1_213' title='bbox 921 3064 936 3087; x_wconf 85' lang='lat'><em>‚</em></span> <span class='ocrx_word' id='word_1_214' title='bbox 975 3026 1040 3076; x_wconf 84' lang='lat'><strong>28</strong></span> 
     </span>
     <span class='ocr_line' id='line_1_34' title="bbox 34 3105 1038 3175; baseline 0.003 -21"><span class='ocrx_word' id='word_1_215' title='bbox 34 3107 147 3156; x_wconf 85' lang='lat' dir='ltr'><strong>Feb.</strong></span> <span class='ocrx_word' id='word_1_216' title='bbox 190 3105 316 3171; x_wconf 80' lang='lat'><strong>1834</strong></span> <span class='ocrx_word' id='word_1_217' title='bbox 336 3145 348 3168; x_wconf 88' lang='lat'>,</span> <span class='ocrx_word' id='word_1_218' title='bbox 370 3126 473 3173; x_wconf 85' lang='lat' dir='ltr'><strong>pag.</strong></span> <span class='ocrx_word' id='word_1_219' title='bbox 519 3125 571 3157; x_wconf 90' lang='lat'><strong>10</strong></span> <span class='ocrx_word' id='word_1_220' title='bbox 589 3118 633 3158; x_wconf 88' lang='lat' dir='ltr'><strong>et</strong></span> <span class='ocrx_word' id='word_1_221' title='bbox 659 3127 790 3175; x_wconf 83' lang='lat' dir='ltr'><strong>seqq.</strong></span> <span class='ocrx_word' id='word_1_222' title='bbox 826 3109 1038 3157; x_wconf 81' lang='lat' dir='ltr'><strong>Diximus</strong></span> 
     </span>
     <span class='ocr_line' id='line_1_35' title="bbox 35 3189 1038 3258; baseline 0.001 -20"><span class='ocrx_word' id='word_1_223' title='bbox 35 3207 59 3238; x_wconf 89' lang='lat' dir='ltr'><strong>e</strong></span> <span class='ocrx_word' id='word_1_224' title='bbox 79 3189 448 3254; x_wconf 77' lang='lat' dir='ltr'><strong>sriqescemibus</strong></span> <span class='ocrx_word' id='word_1_225' title='bbox 486 3189 744 3239; x_wconf 70' lang='lat' dir='ltr'><strong>Catholicis</strong></span> <span class='ocrx_word' id='word_1_226' title='bbox 765 3230 777 3251; x_wconf 92' lang='lat'><strong>‚</strong></span> <span class='ocrx_word' id='word_1_227' title='bbox 810 3189 916 3258; x_wconf 86' lang='lat' dir='ltr'><strong>quia</strong></span> <span class='ocrx_word' id='word_1_228' title='bbox 955 3207 1038 3240; x_wconf 86' lang='lat' dir='ltr'><strong>ve·</strong></span> 
     </span>
     <span class='ocr_line' id='line_1_36' title="bbox 34 3272 1037 3322; baseline 0.004 -4"><span class='ocrx_word' id='word_1_229' title='bbox 34 3272 212 3319; x_wconf 79' lang='lat' dir='ltr'><strong>tissima</strong></span> <span class='ocrx_word' id='word_1_230' title='bbox 250 3282 317 3320; x_wconf 91' lang='lat' dir='ltr'><strong>est</strong></span> <span class='ocrx_word' id='word_1_231' title='bbox 347 3272 597 3320; x_wconf 84' lang='lat' dir='ltr'><strong>observatio</strong></span> <span class='ocrx_word' id='word_1_232' title='bbox 626 3273 700 3322; x_wconf 87' lang='lat' dir='ltr'><strong>Cl.</strong></span> <span class='ocrx_word' id='word_1_233' title='bbox 748 3272 938 3321; x_wconf 86' lang='lat' dir='ltr'><strong>Comitis</strong></span> <span class='ocrx_word' id='word_1_234' title='bbox 967 3272 1037 3322; x_wconf 88' lang='lat' dir='ltr'><strong>De</strong></span> 
     </span>
     <span class='ocr_line' id='line_1_37' title="bbox 36 3351 1035 3411; baseline 0.004 -12"><span class='ocrx_word' id='word_1_235' title='bbox 36 3352 219 3401; x_wconf 88' lang='lat' dir='ltr'><strong>Maistre</strong></span> <span class='ocrx_word' id='word_1_236' title='bbox 238 3389 251 3411; x_wconf 91' lang='lat'>‚</span> <span class='ocrx_word' id='word_1_237' title='bbox 276 3351 362 3400; x_wconf 89' lang='lat' dir='ltr'><strong>hoc</strong></span> <span class='ocrx_word' id='word_1_238' title='bbox 387 3354 631 3403; x_wconf 88' lang='lat' dir='ltr'><strong>discrimen</strong></span> <span class='ocrx_word' id='word_1_239' title='bbox 649 3356 929 3404; x_wconf 86' lang='lat' dir='ltr'><strong>intercedere</strong></span> <span class='ocrx_word' id='word_1_240' title='bbox 961 3357 1035 3403; x_wconf 91' lang='lat' dir='ltr'><strong>in-</strong></span> 
     </span>
     <span class='ocr_line' id='line_1_38' title="bbox 35 3433 1037 3504; baseline 0.004 -23"><span class='ocrx_word' id='word_1_241' title='bbox 35 3444 103 3482; x_wconf 84' lang='lat' dir='ltr'><strong>ter</strong></span> <span class='ocrx_word' id='word_1_242' title='bbox 122 3433 380 3504; x_wconf 79' lang='lat' dir='ltr'><strong>Catholieos</strong></span> <span class='ocrx_word' id='word_1_243' title='bbox 409 3445 454 3483; x_wconf 86' lang='lat' dir='ltr'><strong>et</strong></span> <span class='ocrx_word' id='word_1_244' title='bbox 484 3434 788 3487; x_wconf 81' lang='lat' dir='ltr'><strong>Protestantes</strong></span> <span class='ocrx_word' id='word_1_245' title='bbox 816 3438 956 3486; x_wconf 90' lang='lat' dir='ltr'><strong>relate</strong></span> <span class='ocrx_word' id='word_1_246' title='bbox 977 3437 1037 3485; x_wconf 90' lang='lat' dir='ltr'><strong>ad</strong></span> 
     </span>
     <span class='ocr_line' id='line_1_39' title="bbox 36 3515 1039 3587; baseline 0.004 -23"><span class='ocrx_word' id='word_1_247' title='bbox 36 3515 296 3565; x_wconf 85' lang='lat' dir='ltr'><strong>firmitatem</strong></span> <span class='ocrx_word' id='word_1_248' title='bbox 323 3519 372 3565; x_wconf 90' lang='lat' dir='ltr'><strong>in</strong></span> <span class='ocrx_word' id='word_1_249' title='bbox 403 3534 482 3566; x_wconf 89' lang='lat' dir='ltr'><strong>sua</strong></span> <span class='ocrx_word' id='word_1_250' title='bbox 515 3517 727 3583; x_wconf 85' lang='lat' dir='ltr'><strong>religione</strong></span> <span class='ocrx_word' id='word_1_251' title='bbox 746 3556 759 3581; x_wconf 89' lang='lat'><strong>,</strong></span> <span class='ocrx_word' id='word_1_252' title='bbox 791 3519 919 3587; x_wconf 89' lang='lat' dir='ltr'><strong>quod</strong></span> <span class='ocrx_word' id='word_1_253' title='bbox 945 3536 1039 3584; x_wconf 88' lang='lat' dir='ltr'><strong>quo</strong></span> 
     </span>
    </p>
   </div>
   <div class='ocr_carea' id='block_1_8' title="bbox 1116 1313 2144 2754">
    <p class='ocr_par' dir='ltr' id='par_1_9' title="bbox 1116 1313 2144 2754">
     <span class='ocr_line' id='line_1_40' title="bbox 1127 1313 2143 1373; baseline 0 -10"><span class='ocrx_word' id='word_1_254' title='bbox 1127 1313 1394 1363; x_wconf 74' lang='lat' dir='ltr'><strong>Catholicae</strong></span> <span class='ocrx_word' id='word_1_255' title='bbox 1430 1316 1760 1363; x_wconf 84' lang='lat' dir='ltr'><strong>innocentioris</strong></span> <span class='ocrx_word' id='word_1_256' title='bbox 1791 1317 1893 1362; x_wconf 81' lang='lat' dir='ltr'><strong>vitae</strong></span> <span class='ocrx_word' id='word_1_257' title='bbox 1940 1324 2010 1362; x_wconf 85' lang='lat' dir='ltr'><strong>est</strong></span> <span class='ocrx_word' id='word_1_258' title='bbox 2031 1351 2044 1373; x_wconf 93' lang='lat'>‚</span> <span class='ocrx_word' id='word_1_259' title='bbox 2090 1332 2143 1363; x_wconf 87' lang='lat' dir='ltr'><strong>eo</strong></span> 
     </span>
     <span class='ocr_line' id='line_1_41' title="bbox 1126 1395 2139 1457; baseline 0.002 -14"><span class='ocrx_word' id='word_1_260' title='bbox 1126 1399 1332 1444; x_wconf 87' lang='lat' dir='ltr'><strong>tenacius</strong></span> <span class='ocrx_word' id='word_1_261' title='bbox 1363 1395 1577 1444; x_wconf 61' lang='lat' dir='ltr'><strong>Ecclesia}</strong></span> <span class='ocrx_word' id='word_1_262' title='bbox 1607 1412 1700 1444; x_wconf 83' lang='lat' dir='ltr'><strong>suoe</strong></span> <span class='ocrx_word' id='word_1_263' title='bbox 1739 1396 1972 1457; x_wconf 83' lang='lat' dir='ltr'><strong>adhaeret,</strong></span> <span class='ocrx_word' id='word_1_264' title='bbox 2003 1406 2048 1444; x_wconf 88' lang='lat' dir='ltr'><strong>et</strong></span> <span class='ocrx_word' id='word_1_265' title='bbox 2086 1413 2139 1445; x_wconf 89' lang='lat' dir='ltr'><strong>eo</strong></span> 
     </span>
     <span class='ocr_line' id='line_1_42' title="bbox 1125 1476 2144 1542; baseline 0.002 -18"><span class='ocrx_word' id='word_1_266' title='bbox 1125 1478 1270 1541; x_wconf 85' lang='lat' dir='ltr'><strong>magis</strong></span> <span class='ocrx_word' id='word_1_267' title='bbox 1322 1477 1523 1525; x_wconf 86' lang='lat' dir='ltr'><strong>fluctuat</strong></span> <span class='ocrx_word' id='word_1_268' title='bbox 1553 1514 1568 1536; x_wconf 89' lang='lat'>‚</span> <span class='ocrx_word' id='word_1_269' title='bbox 1617 1494 1710 1542; x_wconf 90' lang='lat' dir='ltr'><strong>quo</strong></span> <span class='ocrx_word' id='word_1_270' title='bbox 1751 1476 2144 1542; x_wconf 80' lang='lat' dir='ltr'><strong>inquinatioribus</strong></span> 
     </span>
     <span class='ocr_line' id='line_1_43' title="bbox 1123 1559 2143 1625; baseline 0.001 -18"><span class='ocrx_word' id='word_1_271' title='bbox 1123 1559 1333 1608; x_wconf 90' lang='lat' dir='ltr'><strong>moribus</strong></span> <span class='ocrx_word' id='word_1_272' title='bbox 1360 1559 1561 1623; x_wconf 80' lang='lat' dir='ltr'><strong>diffluit3</strong></span> <span class='ocrx_word' id='word_1_273' title='bbox 1590 1576 1617 1607; x_wconf 85' lang='lat' dir='ltr'><strong>e</strong></span> <span class='ocrx_word' id='word_1_274' title='bbox 1644 1569 1835 1619; x_wconf 86' lang='lat' dir='ltr'><strong>contra,</strong></span> <span class='ocrx_word' id='word_1_275' title='bbox 1872 1577 1966 1625; x_wconf 91' lang='lat' dir='ltr'><strong>quo</strong></span> <span class='ocrx_word' id='word_1_276' title='bbox 1999 1563 2143 1624; x_wconf 84' lang='lat' dir='ltr'><strong>magis</strong></span> 
     </span>
     <span class='ocr_line' id='line_1_44' title="bbox 1122 1638 2143 1706; baseline 0.003 -19"><span class='ocrx_word' id='word_1_277' title='bbox 1122 1638 1385 1689; x_wconf 85' lang='lat' dir='ltr'><strong>Protestans</strong></span> <span class='ocrx_word' id='word_1_278' title='bbox 1401 1641 1474 1689; x_wconf 88' lang='lat' dir='ltr'><strong>vel</strong></span> <span class='ocrx_word' id='word_1_279' title='bbox 1488 1642 1711 1688; x_wconf 86' lang='lat' dir='ltr'><strong>sectarius</strong></span> <span class='ocrx_word' id='word_1_280' title='bbox 1730 1651 1973 1706; x_wconf 87' lang='lat' dir='ltr'><strong>corruptus</strong></span> <span class='ocrx_word' id='word_1_281' title='bbox 1988 1651 2143 1690; x_wconf 80' lang='lat' dir='ltr'><strong>mente</strong></span> 
     </span>
     <span class='ocr_line' id='line_1_45' title="bbox 1123 1720 2139 1787; baseline 0 -16"><span class='ocrx_word' id='word_1_282' title='bbox 1123 1731 1169 1771; x_wconf 88' lang='lat' dir='ltr'><strong>et</strong></span> <span class='ocrx_word' id='word_1_283' title='bbox 1208 1722 1347 1770; x_wconf 87' lang='lat' dir='ltr'><strong>corde</strong></span> <span class='ocrx_word' id='word_1_284' title='bbox 1395 1731 1462 1771; x_wconf 86' lang='lat' dir='ltr'><strong>est</strong></span> <span class='ocrx_word' id='word_1_285' title='bbox 1501 1732 1639 1787; x_wconf 86' lang='lat' dir='ltr'><strong>atque</strong></span> <span class='ocrx_word' id='word_1_286' title='bbox 1677 1724 1728 1769; x_wconf 89' lang='lat' dir='ltr'><strong>in</strong></span> <span class='ocrx_word' id='word_1_287' title='bbox 1774 1724 1884 1771; x_wconf 86' lang='lat' dir='ltr'><strong>vitia</strong></span> <span class='ocrx_word' id='word_1_288' title='bbox 1929 1720 2139 1784; x_wconf 85' lang='lat' dir='ltr'><strong>effusus,</strong></span> 
     </span>
     <span class='ocr_line' id='line_1_46' title="bbox 1122 1803 2141 1871; baseline 0.002 -21"><span class='ocrx_word' id='word_1_289' title='bbox 1122 1813 1250 1852; x_wconf 82' lang='lat' dir='ltr'><strong>tanto</strong></span> <span class='ocrx_word' id='word_1_290' title='bbox 1272 1813 1342 1863; x_wconf 64' lang='lat' dir='ltr'><strong>&gt;est</strong></span> <span class='ocrx_word' id='word_1_291' title='bbox 1381 1803 1558 1850; x_wconf 86' lang='lat' dir='ltr'><strong>firmior</strong></span> <span class='ocrx_word' id='word_1_292' title='bbox 1587 1805 1637 1851; x_wconf 90' lang='lat' dir='ltr'><strong>in</strong></span> <span class='ocrx_word' id='word_1_293' title='bbox 1674 1821 1754 1852; x_wconf 87' lang='lat' dir='ltr'><strong>sua</strong></span> <span class='ocrx_word' id='word_1_294' title='bbox 1787 1814 1935 1865; x_wconf 81' lang='lat' dir='ltr'><strong>secta3</strong></span> <span class='ocrx_word' id='word_1_295' title='bbox 1967 1815 2012 1853; x_wconf 87' lang='lat' dir='ltr'><strong>et</strong></span> <span class='ocrx_word' id='word_1_296' title='bbox 2048 1822 2141 1871; x_wconf 89' lang='lat' dir='ltr'><strong>quo</strong></span> 
     </span>
     <span class='ocr_line' id='line_1_47' title="bbox 1121 1884 2141 1953; baseline 0.001 -20"><span class='ocrx_word' id='word_1_297' title='bbox 1121 1884 1446 1950; x_wconf 88' lang='lat' dir='ltr'><strong>integrioribus</strong></span> <span class='ocrx_word' id='word_1_298' title='bbox 1463 1885 1668 1933; x_wconf 89' lang='lat' dir='ltr'><strong>moribus</strong></span> <span class='ocrx_word' id='word_1_299' title='bbox 1686 1894 1894 1950; x_wconf 76' lang='lat' dir='ltr'><strong>praestat,</strong></span> <span class='ocrx_word' id='word_1_300' title='bbox 1915 1903 1970 1934; x_wconf 92' lang='lat' dir='ltr'><strong>eo</strong></span> <span class='ocrx_word' id='word_1_301' title='bbox 1997 1890 2141 1953; x_wconf 79' lang='lat' dir='ltr'><strong>magis</strong></span> 
     </span>
     <span class='ocr_line' id='line_1_48' title="bbox 1122 1967 2141 2026; baseline 0.002 -11"><span class='ocrx_word' id='word_1_302' title='bbox 1122 1967 1302 2016; x_wconf 84' lang='lat' dir='ltr'><strong>dubitat</strong></span> <span class='ocrx_word' id='word_1_303' title='bbox 1331 1968 1388 2017; x_wconf 84' lang='lat' dir='ltr'><strong>de</strong></span> <span class='ocrx_word' id='word_1_304' title='bbox 1429 1970 1751 2023; x_wconf 33' lang='lat' dir='ltr'><strong>veritatelsuae</strong></span> <span class='ocrx_word' id='word_1_305' title='bbox 1784 1978 1919 2016; x_wconf 83' lang='lat' dir='ltr'><strong>sectae</strong></span> <span class='ocrx_word' id='word_1_306' title='bbox 1940 2005 1953 2026; x_wconf 91' lang='lat'>‚</span> <span class='ocrx_word' id='word_1_307' title='bbox 1987 1978 2035 2016; x_wconf 87' lang='lat' dir='ltr'><strong>et</strong></span> <span class='ocrx_word' id='word_1_308' title='bbox 2078 1970 2141 2017; x_wconf 88' lang='lat' dir='ltr'><strong>ad</strong></span> 
     </span>
     <span class='ocr_line' id='line_1_49' title="bbox 1125 2049 2142 2117; baseline 0.002 -21"><span class='ocrx_word' id='word_1_309' title='bbox 1125 2050 1397 2117; x_wconf 15' lang='lat' dir='ltr'><strong>religionem*</strong></span> <span class='ocrx_word' id='word_1_310' title='bbox 1427 2049 1701 2097; x_wconf 85' lang='lat' dir='ltr'><strong>catholicam</strong></span> <span class='ocrx_word' id='word_1_311' title='bbox 1727 2050 1919 2099; x_wconf 87' lang='lat' dir='ltr'><strong>accedit.</strong></span> <span class='ocrx_word' id='word_1_312' title='bbox 1942 2050 2000 2097; x_wconf 84' lang='lat' dir='ltr'><strong>Et</strong></span> <span class='ocrx_word' id='word_1_313' title='bbox 2031 2067 2142 2098; x_wconf 89' lang='lat' dir='ltr'><strong>sane</strong></span> 
     </span>
     <span class='ocr_line' id='line_1_50' title="bbox 1120 2130 2140 2197; baseline 0.002 -19"><span class='ocrx_word' id='word_1_314' title='bbox 1120 2141 1172 2178; x_wconf 86' lang='lat' dir='ltr'><strong>ut</strong></span> <span class='ocrx_word' id='word_1_315' title='bbox 1197 2131 1452 2196; x_wconf 89' lang='lat' dir='ltr'><strong>plurimum</strong></span> <span class='ocrx_word' id='word_1_316' title='bbox 1474 2168 1488 2190; x_wconf 86' lang='lat'>,</span> <span class='ocrx_word' id='word_1_317' title='bbox 1518 2134 1599 2197; x_wconf 86' lang='lat' dir='ltr'><strong>qui</strong></span> <span class='ocrx_word' id='word_1_318' title='bbox 1626 2131 1684 2179; x_wconf 91' lang='lat' dir='ltr'><strong>ad</strong></span> <span class='ocrx_word' id='word_1_319' title='bbox 1712 2130 2140 2180; x_wconf 83' lang='lat' dir='ltr'><strong>Protestantismum</strong></span> 
     </span>
     <span class='ocr_line' id='line_1_51' title="bbox 1118 2214 2142 2280; baseline 0.002 -20"><span class='ocrx_word' id='word_1_320' title='bbox 1118 2230 1245 2261; x_wconf 89' lang='lat' dir='ltr'><strong>nunc</strong></span> <span class='ocrx_word' id='word_1_321' title='bbox 1275 2214 1500 2262; x_wconf 87' lang='lat' dir='ltr'><strong>accedunt</strong></span> <span class='ocrx_word' id='word_1_322' title='bbox 1542 2216 1733 2279; x_wconf 90' lang='lat' dir='ltr'><strong>quinam</strong></span> <span class='ocrx_word' id='word_1_323' title='bbox 1757 2225 1865 2262; x_wconf 83' lang='lat' dir='ltr'><strong>sunt</strong></span> <span class='ocrx_word' id='word_1_324' title='bbox 1881 2249 1896 2264; x_wconf 84' lang='lat'><strong>.</strong></span> <span class='ocrx_word' id='word_1_325' title='bbox 1920 2217 2010 2262; x_wconf 89' lang='lat' dir='ltr'><strong>nisi</strong></span> <span class='ocrx_word' id='word_1_326' title='bbox 2036 2232 2142 2280; x_wconf 87' lang='lat' dir='ltr'><strong>per-</strong></span> 
     </span>
     <span class='ocr_line' id='line_1_52' title="bbox 1121 2295 2140 2361; baseline 0.003 -19"><span class='ocrx_word' id='word_1_327' title='bbox 1121 2295 1206 2342; x_wconf 89' lang='lat' dir='ltr'><strong>diti</strong></span> <span class='ocrx_word' id='word_1_328' title='bbox 1231 2296 1423 2361; x_wconf 87' lang='lat' dir='ltr'><strong>quidam</strong></span> <span class='ocrx_word' id='word_1_329' title='bbox 1450 2305 1666 2360; x_wconf 76' lang='lat' dir='ltr'><strong>apostatae</strong></span> <span class='ocrx_word' id='word_1_330' title='bbox 1691 2298 1949 2345; x_wconf 78' lang='lat' dir='ltr'><strong>sacerdotes</strong></span> <span class='ocrx_word' id='word_1_331' title='bbox 1972 2297 2048 2345; x_wconf 87' lang='lat' dir='ltr'><strong>vel</strong></span> <span class='ocrx_word' id='word_1_332' title='bbox 2066 2313 2140 2346; x_wconf 87' lang='lat' dir='ltr'><strong>re-</strong></span> 
     </span>
     <span class='ocr_line' id='line_1_53' title="bbox 1121 2375 2139 2444; baseline 0.004 -21"><span class='ocrx_word' id='word_1_333' title='bbox 1121 2375 1268 2441; x_wconf 84' lang='lat' dir='ltr'><strong>ligiosi</strong></span> <span class='ocrx_word' id='word_1_334' title='bbox 1299 2377 1356 2425; x_wconf 90' lang='lat' dir='ltr'><strong>ad</strong></span> <span class='ocrx_word' id='word_1_335' title='bbox 1388 2380 1546 2437; x_wconf 90' lang='lat' dir='ltr'><strong>omnia</strong></span> <span class='ocrx_word' id='word_1_336' title='bbox 1568 2379 1680 2426; x_wconf 85' lang='lat' dir='ltr'><strong>vitia</strong></span> <span class='ocrx_word' id='word_1_337' title='bbox 1709 2378 1938 2444; x_wconf 81' lang='lat' dir='ltr'><strong>projecti?</strong></span> <span class='ocrx_word' id='word_1_338' title='bbox 1963 2377 2139 2444; x_wconf 89' lang='lat' dir='ltr'><strong>Nempe</strong></span> 
     </span>
     <span class='ocr_line' id='line_1_54' title="bbox 1117 2459 2137 2527; baseline 0.003 -19"><span class='ocrx_word' id='word_1_339' title='bbox 1117 2461 1244 2527; x_wconf 89' lang='lat' dir='ltr'><strong>quod</strong></span> <span class='ocrx_word' id='word_1_340' title='bbox 1275 2459 1505 2509; x_wconf 87' lang='lat' dir='ltr'><strong>veteribus</strong></span> <span class='ocrx_word' id='word_1_341' title='bbox 1530 2461 1751 2510; x_wconf 81' lang='lat' dir='ltr'><strong>haereticis</strong></span> <span class='ocrx_word' id='word_1_342' title='bbox 1782 2462 1987 2511; x_wconf 79' lang='lat' dir='ltr'><strong>solemne</strong></span> <span class='ocrx_word' id='word_1_343' title='bbox 2018 2462 2137 2521; x_wconf 87' lang='lat' dir='ltr'><strong>fuit,</strong></span> 
     </span>
     <span class='ocr_line' id='line_1_55' title="bbox 1116 2543 2139 2611; baseline 0.002 -21"><span class='ocrx_word' id='word_1_344' title='bbox 1116 2543 1442 2591; x_wconf 86' lang='lat' dir='ltr'><strong>recentioribus</strong></span> <span class='ocrx_word' id='word_1_345' title='bbox 1467 2544 1605 2591; x_wconf 80' lang='lat' dir='ltr'><strong>etiam</strong></span> <span class='ocrx_word' id='word_1_346' title='bbox 1629 2543 1855 2597; x_wconf 87' lang='lat' dir='ltr'><strong>familiare</strong></span> <span class='ocrx_word' id='word_1_347' title='bbox 1883 2554 1951 2592; x_wconf 89' lang='lat' dir='ltr'><strong>est</strong></span> <span class='ocrx_word' id='word_1_348' title='bbox 1967 2580 1986 2611; x_wconf 23' lang='grc' dir='ltr'><strong>,Π</strong></span> <span class='ocrx_word' id='word_1_349' title='bbox 2011 2544 2139 2609; x_wconf 89' lang='lat' dir='ltr'><strong>quod</strong></span> 
     </span>
     <span class='ocr_line' id='line_1_56' title="bbox 1116 2622 2138 2689; baseline 0.004 -19"><span class='ocrx_word' id='word_1_350' title='bbox 1116 2627 1283 2671; x_wconf 86' lang='lat' dir='ltr'><strong>citatus</strong></span> <span class='ocrx_word' id='word_1_351' title='bbox 1305 2622 1619 2672; x_wconf 84' lang='lat' dir='ltr'><strong>Tertullianus</strong></span> <span class='ocrx_word' id='word_1_352' title='bbox 1650 2624 1740 2671; x_wconf 91' lang='lat' dir='ltr'><strong>illis</strong></span> <span class='ocrx_word' id='word_1_353' title='bbox 1781 2624 2099 2689; x_wconf 83' lang='lat' dir='ltr'><strong>exprobrabat</strong></span> <span class='ocrx_word' id='word_1_354' title='bbox 2121 2661 2138 2686; x_wconf 87' lang='lat'>,</span> 
     </span>
     <span class='ocr_line' id='line_1_57' title="bbox 1117 2695 2139 2754; baseline 0.003 -3"><span class='ocrx_word' id='word_1_355' title='bbox 1117 2704 1275 2753; x_wconf 87' lang='lat' dir='ltr'><strong>dicens</strong></span> <span class='ocrx_word' id='word_1_356' title='bbox 1307 2720 1324 2751; x_wconf 74' lang='grc' dir='ltr'><strong><em>ε</em></strong></span> <span class='ocrx_word' id='word_1_357' title='bbox 1363 2695 1710 2752; x_wconf 74' lang='lat' dir='ltr'><strong>Ordinationes</strong></span> <span class='ocrx_word' id='word_1_358' title='bbox 1738 2720 1902 2752; x_wconf 81' lang='lat' dir='ltr'><strong>eorum</strong></span> <span class='ocrx_word' id='word_1_359' title='bbox 1936 2713 2139 2754; x_wconf 72' lang='lat' dir='ltr'><strong>temera-</strong></span> 
     </span>
    </p>
   </div>
   <div class='ocr_carea' id='block_1_9' title="bbox 1106 2783 2134 2854">
    <p class='ocr_par' dir='ltr' id='par_1_10' title="bbox 1106 2783 2134 2854">
     <span class='ocr_line' id='line_1_58' title="bbox 1106 2783 2134 2854; baseline 0.006 -23"><span class='ocrx_word' id='word_1_360' title='bbox 1106 2789 1236 2845; x_wconf 82' lang='lat' dir='ltr'><strong>·rioe,</strong></span> <span class='ocrx_word' id='word_1_361' title='bbox 1290 2783 1467 2834; x_wconf 71' lang='lat' dir='ltr'><strong>levae...</strong></span> <span class='ocrx_word' id='word_1_362' title='bbox 1502 2785 1651 2834; x_wconf 80' lang='lat' dir='ltr'><strong>Nunc</strong></span> <span class='ocrx_word' id='word_1_363' title='bbox 1679 2786 1943 2854; x_wconf 75' lang='lat' dir='ltr'><strong>neophytas</strong></span> <span class='ocrx_word' id='word_1_364' title='bbox 1974 2788 2134 2838; x_wconf 77' lang='lat' dir='ltr'><strong>conlo·</strong></span> 
     </span>
    </p>
   </div>
   <div class='ocr_carea' id='block_1_10' title="bbox 1113 2866 2135 3491">
    <p class='ocr_par' dir='ltr' id='par_1_11' title="bbox 1113 2866 2135 3491">
     <span class='ocr_line' id='line_1_59' title="bbox 1117 2866 2135 2933; baseline 0.005 -19"><span class='ocrx_word' id='word_1_365' title='bbox 1117 2874 1362 2915; x_wconf 76' lang='lat' dir='ltr'><strong>cant.......</strong></span> <span class='ocrx_word' id='word_1_366' title='bbox 1397 2866 1540 2915; x_wconf 77' lang='lat' dir='ltr'><strong>Nunc</strong></span> <span class='ocrx_word' id='word_1_367' title='bbox 1556 2872 1800 2933; x_wconf 77' lang='lat' dir='ltr'><strong>apostatas</strong></span> <span class='ocrx_word' id='word_1_368' title='bbox 1833 2876 2049 2931; x_wconf 76' lang='lat' dir='ltr'><strong>nostros,</strong></span> <span class='ocrx_word' id='word_1_369' title='bbox 2079 2879 2135 2919; x_wconf 79' lang='lat' dir='ltr'><strong>ut</strong></span> 
     </span>
     <span class='ocr_line' id='line_1_60' title="bbox 1118 2946 2133 3014; baseline 0.006 -20"><span class='ocrx_word' id='word_1_370' title='bbox 1118 2946 1272 3012; x_wconf 73' lang='lat' dir='ltr'><strong>yloria</strong></span> <span class='ocrx_word' id='word_1_371' title='bbox 1298 2964 1376 2996; x_wconf 86' lang='lat' dir='ltr'><strong>eos</strong></span> <span class='ocrx_word' id='word_1_372' title='bbox 1399 2947 1604 3014; x_wconf 76' lang='lat' dir='ltr'><strong>obliqent</strong></span> <span class='ocrx_word' id='word_1_373' title='bbox 1621 2986 1634 3009; x_wconf 87' lang='lat'><strong>,</strong></span> <span class='ocrx_word' id='word_1_374' title='bbox 1666 2951 1783 3014; x_wconf 76' lang='lat' dir='ltr'><strong>quia</strong></span> <span class='ocrx_word' id='word_1_375' title='bbox 1800 2953 2000 2999; x_wconf 77' lang='lat' dir='ltr'><strong>veritate</strong></span> <span class='ocrx_word' id='word_1_376' title='bbox 2032 2968 2133 3000; x_wconf 76' lang='lat' dir='ltr'><strong>non</strong></span> 
     </span>
     <span class='ocr_line' id='line_1_61' title="bbox 1113 3029 2126 3098; baseline 0.006 -22"><span class='ocrx_word' id='word_1_377' title='bbox 1113 3038 1336 3095; x_wconf 80' lang='lat' dir='ltr'><strong>possunt.</strong></span> <span class='ocrx_word' id='word_1_378' title='bbox 1367 3029 1620 3094; x_wconf 78' lang='lat' dir='ltr'><strong>Nusquam</strong></span> <span class='ocrx_word' id='word_1_379' title='bbox 1631 3029 1833 3095; x_wconf 82' lang='lat' dir='ltr'><strong>facilius</strong></span> <span class='ocrx_word' id='word_1_380' title='bbox 1854 3034 2126 3098; x_wconf 76' lang='lat' dir='ltr'><strong>proficitur,</strong></span> 
     </span>
     <span class='ocr_line' id='line_1_62' title="bbox 1116 3112 2131 3183; baseline 0.005 -24"><span class='ocrx_word' id='word_1_381' title='bbox 1116 3129 1263 3177; x_wconf 83' lang='lat' dir='ltr'><strong>quam</strong></span> <span class='ocrx_word' id='word_1_382' title='bbox 1291 3114 1349 3160; x_wconf 76' lang='lat' dir='ltr'><strong>in</strong></span> <span class='ocrx_word' id='word_1_383' title='bbox 1365 3114 1534 3160; x_wconf 82' lang='lat' dir='ltr'><strong>castris</strong></span> <span class='ocrx_word' id='word_1_384' title='bbox 1549 3112 1792 3162; x_wconf 77' lang='lat' dir='ltr'><strong>rebellium</strong></span> <span class='ocrx_word' id='word_1_385' title='bbox 1810 3152 1825 3176; x_wconf 89' lang='lat'>,</span> <span class='ocrx_word' id='word_1_386' title='bbox 1856 3116 1946 3163; x_wconf 76' lang='lat' dir='ltr'><strong>ubi</strong></span> <span class='ocrx_word' id='word_1_387' title='bbox 1972 3118 2131 3183; x_wconf 81' lang='lat' dir='ltr'><strong>ipsum</strong></span> 
     </span>
     <span class='ocr_line' id='line_1_63' title="bbox 1116 3193 2133 3261; baseline 0.006 -20"><span class='ocrx_word' id='word_1_388' title='bbox 1116 3210 1212 3242; x_wconf 80' lang='lat' dir='ltr'><strong>esse</strong></span> <span class='ocrx_word' id='word_1_389' title='bbox 1252 3193 1356 3242; x_wconf 84' lang='lat' dir='ltr'><strong>illic</strong></span> <span class='ocrx_word' id='word_1_390' title='bbox 1383 3197 1652 3260; x_wconf 84' lang='lat' dir='ltr'><strong>promereri</strong></span> <span class='ocrx_word' id='word_1_391' title='bbox 1687 3204 1755 3244; x_wconf 80' lang='lat' dir='ltr'><strong>est</strong></span> <span class='ocrx_word' id='word_1_392' title='bbox 1788 3198 1802 3261; x_wconf 89' lang='lat'><strong>(</strong></span> <span class='ocrx_word' id='word_1_393' title='bbox 1828 3196 1899 3247; x_wconf 89' lang='lat' dir='ltr'><strong>De</strong></span> <span class='ocrx_word' id='word_1_394' title='bbox 1927 3194 2133 3248; x_wconf 83' lang='lat' dir='ltr'><strong>Proescr.</strong></span> 
     </span>
     <span class='ocr_line' id='line_1_64' title="bbox 1117 3273 2133 3346; baseline 0.005 -23"><span class='ocrx_word' id='word_1_395' title='bbox 1117 3291 1220 3339; x_wconf 90' lang='lat' dir='ltr'><strong>cap.</strong></span> <span class='ocrx_word' id='word_1_396' title='bbox 1266 3273 1323 3338; x_wconf 73' lang='lat'><strong>41</strong></span> <span class='ocrx_word' id='word_1_397' title='bbox 1347 3310 1363 3335; x_wconf 90' lang='lat'><strong><em>,</em></strong></span> <span class='ocrx_word' id='word_1_398' title='bbox 1409 3276 1520 3325; x_wconf 88' lang='lat' dir='ltr'><strong>edit.</strong></span> <span class='ocrx_word' id='word_1_399' title='bbox 1551 3275 1790 3345; x_wconf 80' lang='lat' dir='ltr'><strong>Rigaltii).</strong></span> <span class='ocrx_word' id='word_1_400' title='bbox 1823 3278 1924 3328; x_wconf 90' lang='lat' dir='ltr'><strong>Hoc</strong></span> <span class='ocrx_word' id='word_1_401' title='bbox 1954 3298 2133 3346; x_wconf 88' lang='lat' dir='ltr'><strong>possem</strong></span> 
     </span>
     <span class='ocr_line' id='line_1_65' title="bbox 1118 3345 2131 3429; baseline 0.006 -24"><span class='ocrx_word' id='word_1_402' title='bbox 1118 3357 1328 3423; x_wconf 86' lang='lat' dir='ltr'><strong>pluribus</strong></span> <span class='ocrx_word' id='word_1_403' title='bbox 1350 3345 1813 3424; x_wconf 63' lang='lat' dir='ltr'><strong>exemplis&#39;illustrare</strong></span> <span class='ocrx_word' id='word_1_404' title='bbox 1829 3398 1845 3421; x_wconf 92' lang='lat'>‚</span> <span class='ocrx_word' id='word_1_405' title='bbox 1868 3365 1957 3412; x_wconf 82' lang='lat' dir='ltr'><strong>nisi</strong></span> <span class='ocrx_word' id='word_1_406' title='bbox 1975 3366 2131 3429; x_wconf 43' lang='lat' dir='ltr'><strong>agere*</strong></span> 
     </span>
     <span class='ocr_line' id='line_1_66' title="bbox 1120 3439 1643 3491; baseline 0 -4"><span class='ocrx_word' id='word_1_407' title='bbox 1120 3449 1194 3487; x_wconf 87' lang='lat' dir='ltr'><strong>tur</strong></span> <span class='ocrx_word' id='word_1_408' title='bbox 1226 3439 1284 3489; x_wconf 87' lang='lat' dir='ltr'><strong>de</strong></span> <span class='ocrx_word' id='word_1_409' title='bbox 1312 3455 1363 3489; x_wconf 87' lang='lat' dir='ltr'><strong>re</strong></span> <span class='ocrx_word' id='word_1_410' title='bbox 1389 3442 1643 3491; x_wconf 79' lang='lat' dir='ltr'><strong>notissima.</strong></span> 
     </span>
    </p>
   </div>
  </div>
 </body>
</html>
