2554 4140
290 128 370 188 66
939 142 1010 179 nn
1051 141 1203 180 VERA
1247 141 1372 179 nm..
1422 139 1558 182 ΜΝ.
1606 140 1764 180 mcx.

381 290 518 350 171.
567 286 656 346 Ad
674 284 784 358 2³²,
811 282 960 364 Neq.
994 283 1140 357 Quia
1172 304 1308 343 cum
1330 282 1602 343 homines
1626 287 2059 366 praeteritorum
2090 301 2429 374 temporum

293 386 501 448 iisdem
524 377 899 440 facultatibus
924 378 1154 461 praediti
1187 379 1408 439 fuerint
1427 426 1443 455 .,
1477 379 1690 462 quibus
1720 393 1779 441 et
1807 405 1915 443 nos
1952 384 2153 447 donati
2191 409 2391 446 sumus
2411 431 2427 461 .‚

294 477 776 567 praesumendum
812 487 900 536 est
934 497 1030 535 eos
1075 474 1176 534 illa
1231 477 1569 557 praestitisse
1590 522 1605 551 .,
1648 499 1777 559 quae
1821 480 2153 540 fecissemus
2187 492 2247 541 et
2282 503 2390 540 nos
2413 526 2428 555 ,

295 579 343 638 si
371 574 586 638 versati
620 574 685 632 in
723 571 936 633 iisdem
970 593 1169 631 rerum
1212 570 1501 650 adjunctis
1530 572 1858 634 fuissemus.
1900 576 1957 634 Si
1999 597 2106 635 nos
2140 597 2200 638 v.
2241 599 2295 658 g.
2327 597 2433 635 au-

292 673 585 745 diremuS,
633 670 939 730 hominem
986 668 1061 727 ad
1109 669 1291 729 vitam
1341 689 1373 728 e
1419 670 1664 729 mortuis
1700 682 2094 747 revocatum,
2139 670 2435 754 quomodo

293 791 402 828 nos
435 766 809 848 gereremus?
851 764 1064 825 Omnia
1096 763 1355 823 examini
1391 766 1818 826 accuratissimo
1853 766 2269 846 subjiceremus
2293 812 2310 841 ,
2358 787 2436 824 an

289 885 506 946 nempe
557 863 751 944 reipsa
804 871 1073 920 mortuus
1119 859 1297 918 fuerit
1321 903 1360 947 ὃ·
1388 860 1490 941 qui
1536 863 1818 922 excitatus
1875 863 2256 946 perhibetur,
2317 884 2434 945 quo

290 971 557 1040 tempore
585 1004 600 1030 ,
642 978 750 1039 per
783 977 928 1038 quos
978 955 1261 1015 excitatus
1287 1000 1303 1029 ,
1345 956 1643 1036 quomodo
1666 1004 1683 1033 ,
1729 970 1837 1019 etc.
1881 962 1971 1019 Sic
2009 961 2086 1020 de
2126 961 2252 1020 visu
2289 979 2435 1019 caeco

291 1068 432 1117 nato
472 1055 743 1115 restituto
780 1051 1046 1125 dicatur,
1099 1050 1307 1132 hisque
1349 1050 1639 1110 similibus
1668 1100 1684 1128 .,
1730 1038 2055 1136 praesertim
2096 1056 2145 1114 si
2185 1058 2249 1114 in
2293 1077 2439 1114 con-

290 1151 687 1213 firmationem
721 1148 961 1226 alicujus
1012 1146 1293 1205 doctrinae
1339 1146 1592 1220 fierent3
1647 1170 1792 1207 nam
1835 1151 1945 1209 ista
1987 1151 2301 1210 hominum
2342 1151 2437 1208 in·

292 1246 741 1326 vestigationem
787 1243 865 1303 ad
907 1264 968 1302 se
1004 1254 1217 1302 natura
1258 1263 1359 1301 sua
1396 1243 1685 1321 trahunt,
1727 1255 1786 1304 et
1835 1244 2001 1304 facile
2041 1245 2331 1328 perpendi
2380 1257 2441 1304 et

291 1343 556 1425 cognosci
597 1351 868 1425 possunt.
930 1341 1078 1419 Ergo
1133 1339 1214 1398 sic
1271 1339 1753 1421 praesumendum
1808 1351 1897 1401 est
1945 1341 2144 1401 fecisse
2190 1346 2440 1420 majores

296 1450 564 1515 nostr05‚
626 1437 742 1497 nisi
796 1435 1048 1499 velimus
1096 1456 1192 1496 eos
1243 1435 1484 1496 hebetes
1533 1458 1597 1496 ac
1647 1437 1959 1520 plumbeos
1986 1484 2003 1513 7
2058 1437 2157 1499 vel
2203 1437 2441 1498 alterius

295 1548 523 1598 naturae
581 1546 642 1596 et
697 1532 911 1593 indolis
968 1553 1034 1592 ac
1079 1553 1240 1592 nunc
1292 1532 1563 1592 homines
1613 1544 1786 1609 sunt,
1851 1555 2223 1616 supponere3
2284 1532 2443 1616 quod

295 1655 422 1694 non
448 1632 564 1693 nisi
593 1653 701 1715 per
726 1651 1026 1690 summam
1060 1628 1495 1710 impudentiam
1526 1639 1587 1689 et
1628 1629 1920 1689 insaniam
1948 1630 2195 1711 ‘cogitari
2221 1639 2436 1712 potest.

380 1771 523 1832 172.
572 1773 718 1829 Inst.
766 1769 977 1850 primo,
1021 1768 1453 1848 Argumentum
1479 1813 1495 1843 ‚
1535 1768 1698 1849 quod
1737 1769 1949 1828 nititur
1982 1768 2295 1844 hominu-m
2331 1777 2443 1827 tes-

295 1867 543 1930 timonio
570 1912 586 1942 ,
625 1864 914 1925 moralem
947 1875 1186 1923 tantum
1218 1863 1579 1924 evidentiam
1618 1864 1809 1947 parit,
1851 1886 1987 1944 ergo
2026 1862 2100 1923 ab
2138 1863 2444 1924 intellectu

298 1987 423 2026 non
467 1972 779 2044 extorquet
814 1982 1152 2033 assensum3
1208 1980 1350 2018 nam
1393 1959 1629 2019 moralis
1671 1960 1966 2020 evidentia
2017 1982 2141 2019 non
2187 1958 2447 2020 excludit

299 2059 751 2143 possibilitatem
785 2056 1058 2139 oppositi.
1108 2054 1538 2129 Quamobrem,
1582 2055 1720 2115 licet
1764 2056 1962 2137 plures
2001 2056 2270 2116 homines
2316 2077 2446 2115 rem

299 2156 560 2238 aliquam
601 2154 815 2212 factam
857 2173 980 2212 esse
1023 2162 1347 2225 testentur7
1403 2172 1637 2231 semper
1680 2150 1945 2211 absolute
1987 2151 2259 2232 possibile
2313 2163 2400 2210 est
2425 2196 2442 2225 .,

302 2273 400 2312 eos
447 2260 549 2309 aut
591 2247 792 2308 fallere
833 2259 935 2306 aut
965 2245 1122 2323 falli;
1162 2267 1298 2326 ergo
1333 2245 1568 2304 moralis
1603 2245 1898 2305 evidentia
1944 2268 2067 2305 non
2104 2268 2280 2306 omne
2322 2245 2443 2305 du-

300 2347 471 2408 bium
519 2343 794 2406 excludit.
845 2343 992 2402 Cum
1035 2343 1212 2422 igitur
1252 2364 1361 2424 pro
1413 2341 1630 2403 divinae
1667 2343 2041 2403 revelationis
2092 2343 2269 2423 signis
2325 2341 2447 2401 sola

301 2442 509 2503 haberi
547 2442 725 2523 possit
765 2439 1002 2499 moralis
1046 2437 1344 2498 evidentia
1368 2484 1383 2513 7
1416 2442 1544 2515 jam
1587 2450 1751 2520 patet
1785 2462 1893 2498 nos
1936 2461 2044 2521 per
2079 2440 2271 2522 ipsam
2315 2438 2449 2498 duci

302 2550 463 2601 certo
491 2559 613 2597 non
641 2557 812 2619 posse
846 2535 911 2593 in
941 2534 1332 2615 cognitionem
1366 2533 1580 2594 divinae
1611 2534 2011 2596 revelationis,

392 2674 529 2735 173.
574 2676 749 2756 Resp.
805 2677 977 2732 Conc.
1019 2683 1211 2731 antec.
1260 2673 1411 2731 Nam
1455 2673 1645 2752 agitur
1695 2672 1768 2732 de
1805 2673 1999 2747 fact03
2050 2673 2200 2732 facta
2249 2684 2447 2734 autem

305 2769 719 2852 metaphysicis
748 2768 1065 2828 ratiociniis
1100 2766 1341 2850 probari
1377 2779 1704 2849 nequeunt.
1757 2767 1873 2828 Sed
1904 2791 2035 2849 neq.
2086 2790 2246 2828 cons,
2296 2771 2449 2828 Nam

308 2865 548 2928 moralis
589 2863 883 2927 evidentia
905 2864 1191 2923 'innititur
1230 2863 1532 2946 principiis
1569 2887 1694 2924 non
1734 2865 1928 2924 minus
1971 2863 2345 2925 evidentibus
2383 2865 2450 2924 in

312 2982 523 3044 genere
557 2981 661 3019 suo
697 2980 763 3040 ac
809 2960 914 3034 iis,
966 2958 1177 3040 quibus
1223 2958 1497 3019 innititur
1539 2960 1954 3020 mathematica
2001 2961 2447 3021 demonstratio.

310 3060 451 3119 Haec
482 3055 642 3116 enim
682 3055 968 3136 principia
1012 3055 1256 3116 moralia
1292 3080 1305 3114 ;
1346 3058 1651 3117 Humana
1691 3062 1938 3117 societas·
1976 3062 2189 3137 nequit
2219 3059 2450 3118 subsis-

310 3164 466 3225 tere,
508 3153 636 3210 nisi
674 3150 940 3209 homines
972 3152 1097 3210 sihi
1130 3162 1414 3219 mutuam
1447 3155 1627 3233 fidem
1659 3155 1939 3215 habeant.
1978 3155 2451 3213 Praeteritarum

306 3251 769 3331 qeneratzbnum
811 3246 1076 3305 homines
1119 3251 1189 3306 in
1230 3250 1410 3308 rebus
1449 3255 1717 3309 maxime
1767 3251 1854 3309 ad
1893 3272 1953 3309 se
1995 3251 2451 3330 pertinentibus

313 3365 440 3404 non
457 3346 722 3423 fuerunt
746 3362 944 3400 omnes
982 3352 1095 3401 aut
1123 3346 1365 3424 stupidi
1400 3357 1511 3404 aut
1547 3356 1810 3406 amentes
1823 3388 1845 3417 ,
1886 3345 1982 3407 vel
2014 3345 2125 3404 alia
2162 3346 2226 3405 id
2265 3366 2446 3425 genus

312 3439 599 3523 principia
628 3484 644 3515 ,
682 3460 805 3497 non
838 3438 1031 3498 minus
1067 3450 1206 3498 sunt
1239 3441 1535 3503 evidentia
1571 3464 1636 3502 ac
1670 3442 1827 3502 istud
1865 3465 1877 3501 :
1915 3444 1985 3503 Si
2010 3446 2079 3503 de
2107 3443 2447 3523 aequalibus

314 3538 576 3616 oequalz'a
612 3535 845 3611 demae,
878 3556 1007 3614 quae
1045 3549 1395 3610 remanent,
1432 3549 1619 3597 erunt
1654 3542 1938 3618 oequalz’a.
1984 3540 2121 3601 Ideo
2161 3539 2321 3599 enim
2364 3538 2445 3596 is-

315 3631 425 3692 tud
452 3631 648 3712 uegari
690 3652 813 3690 non
839 3642 1033 3713 potest
1054 3678 1069 3707 .,
1121 3639 1252 3692 nisi
1285 3646 1495 3695 contra
1526 3637 1890 3697 evidentiam
1920 3658 2158 3718 puqnes
2175 3679 2197 3708 ,
2234 3657 2306 3695 ac
2342 3639 2444 3694 in-
