2554 4140
393 144 519 181 csr.
568 143 660 179 111.
711 143 780 178 nn
815 141 996 180 sxls‘r.
1044 141 1156 178 mv.
1203 140 1274 176 Ac
1317 136 1627 175 summun-
1671 131 1801 173 nav.
2053 106 2168 166 159

840 303 1247 361 PROPOSITIO
1286 305 1385 357 III.

50 499 455 559 Admirabilis
488 497 832 555 christianae
867 494 1176 571 reliyzbnis
1203 491 1567 568 propayatio
1610 494 1681 544 in
1724 486 2008 546 omnihus
2046 489 2174 558 suis

130 597 436 672 adjunctis
470 601 730 671 spectata
767 587 1150 646 ineluctabile
1175 587 1424 663 pariter
1454 582 1803 661 suppeditat
1839 583 2065 641 divinoe
2103 603 2176 640 ao

130 687 619 769 supernaturalis
664 684 889 742 Christi
927 683 1234 739 missionis
1275 686 1726 758 aryumentum.

138 905 275 964 369.
326 900 536 961 Christi
570 899 910 959 vaticinium
955 899 1028 958 de
1068 898 1414 957 futura'suae
1451 894 1742 975 religionis
1787 916 1895 976 per
1937 894 2180 956 uni-ver-

56 1022 184 1059 sum
210 997 411 1057 orbem
435 995 854 1077 propagatione
882 995 1180 1077 superium
1204 992 1472 1053 dedimus
1493 1018 1508 1067 ς
1540 994 1664 1070 jam
1688 1012 1827 1052 vero
1854 994 1976 1069 ejus
2000 990 2183 1050 adim-

56 1095 419 1177 plementum
458 1089 607 1149 nulli
643 1090 918 1150 humanae
965 1113 1065 1150 seu
1105 1089 1360 1149 naturali
1404 1110 1588 1148 causae
1614 1133 1629 1164 ‚
1679 1087 1784 1148 sed
1821 1087 1926 1146 uni
1969 1085 2185 1149 divinae

58 1187 259 1248 virtuti
289 1184 742 1245 abscribendum
770 1207 893 1245 esse
925 1186 1003 1244 sic
1028 1184 1336 1245 ostendere
1360 1184 1748 1266 aggredimur.

139 1281 276 1342 370.
325 1283 564 1341 Certum
603 1291 727 1355 est,
778 1280 1156 1340 christianam
1203 1279 1546 1360 religionem
1585 1279 1685 1337 vix
1725 1279 1907 1337 trium
1951 1278 2185 1360 saeeulo·

61 1401 194 1436 rum
222 1377 409 1455 spatio
441 1397 545 1457 per
581 1376 923 1435 universum
952 1375 1156 1434 orbem
1190 1374 1408 1456 ubique
1443 1375 1618 1434 fuisse
1654 1372 1925 1433 diffusam
1963 1385 2021 1434 et
2046 1397 2186 1456 pro-

62 1483 373 1554 pagatamz,
436 1471 596 1552 atqui
653 1469 824 1548 hujus
880 1469 1194 1530 celerrimae
1250 1469 1572 1529 diffusionis
1628 1490 1799 1528 causa
1838 1514 1854 1544 .,
1914 1468 2187 1529 omnibus

66 1567 350 1645 adjunctis
390 1565 690 1647 perpensis
719 1611 734 1639 .,
777 1564 940 1624 nulla
978 1565 1235 1624 humana
1277 1562 1378 1625 vel
1407 1563 1691 1624 naturalis
1733 1563 2024 1644 adsignari
2062 1575 2189 1646 pot-

64 1674 183 1735 est3
232 1683 368 1742 ergo
402 1672 525 1719 tam
566 1659 756 1719 subita
800 1671 975 1743 atque
1014 1672 1137 1720 tam
1177 1661 1295 1720 lata
1340 1660 1666 1719 christianae
1712 1659 2004 1740 religionis
2048 1682 2190 1741 pro-

69 1757 299 1839 pagatio
348 1778 381 1815 a
425 1755 621 1816 divina
670 1776 735 1814 ac
767 1755 1196 1838 supernaturali
1248 1754 1437 1837 aliqua
1483 1756 1699 1816 virtute
1736 1755 1922 1835 repeti
1969 1754 2144 1814 debet
2172 1800 2189 1829 ,

67 1874 167 1911 seu
202 1852 359 1934 quod
386 1850 544 1910 idem
576 1862 666 1910 est
687 1896 703 1925 a
738 1851 1020 1929 ejusmodi
1064 1852 1402 1934 propagatio
1445 1849 1818 1910 ineluctabile
1854 1851 2192 1933 suppeditat

69 1947 285 2006 divinae
311 1967 380 2006 ac
401 1945 856 2028 supernaturalis
883 1946 1097 2005 Christi
1122 1946 1408 2006 missionis
1432 1953 1862 2026 argumentum.

155 2041 294 2101 371.
342 2044 550 2120 Major,
588 2061 714 2123 quae
749 2063 840 2100 res
874 2041 1007 2100 facti
1036 2054 1127 2102 est
1153 2087 1169 2116 ,
1222 2064 1291 2101 ex
1325 2039 1580 2099 indubiis
1624 2041 2023 2100 monumentis
2058 2062 2195 2100 con-

73 2148 208 2195 stat.
251 2139 384 2195 Jam
420 2137 576 2196 enim
624 2136 697 2194 ab
737 2137 873 2219 ipsis
914 2135 1174 2196 Ecclesiae
1206 2135 1539 2218 primordiis
1575 2134 1859 2195 scribebat
1889 2137 2196 2217 Apostolus

73 2230 147 2289 ad
173 2233 463 2290 Romanos
502 2233 651 2310 (XV
671 2277 685 2305 ,
733 2231 804 2290 19
829 2230 885 2312 ),
919 2231 1074 2313 quod
1114 2231 1430 2313 repleverit
1469 2230 1848 2308 Evangelium
1880 2230 2095 2290 Christi
2122 2230 2195 2290 ab

73 2327 394 2386 Jerusalem
433 2348 538 2408 per
571 2327 877 2385 circuitum
916 2348 1099 2408 usque
1143 2326 1217 2385 ad
1262 2326 1555 2406 Illyricum
1578 2372 1592 2400 a
1631 2337 1689 2384 et
1720 2324 1879 2406 quod
1913 2327 2199 2385 Romano·

73 2444 204 2480 rum
258 2420 400 2479 fides
447 2422 901 2481 annuntiaretur
944 2422 1006 2479 in
1050 2422 1327 2480 universo
1372 2420 1616 2479 mundo.
1681 2419 1900 2479 Plinius
1947 2422 2150 2499 junior
2178 2467 2193 2495 ‚

78 2517 220 2576 Asiae
250 2516 594 2599 proconsul,
634 2516 741 2575 sub
771 2518 952 2576 finem
994 2517 1186 2576 saeculi
1212 2519 1233 2575 I
1265 2520 1343 2576 sic
1370 2516 1444 2576 ad
1476 2519 1791 2594 Trajanum
1825 2516 2023 2575 scribit
2061 2518 2150 2597 (l)
2181 2540 2195 2574 :

90 2613 230 2671 Visa
273 2624 356 2672 est
395 2613 555 2671 mihi
594 2635 687 2671 res
731 2614 922 2692 (liqna
962 2615 1391 2672 consultatione
1423 2625 1677 2692 propter
1706 2616 2203 2692 periclitantium

77 2730 401 2768 numerum
417 2735 441 2782 ,-
479 2711 664 2767 multi
688 2713 851 2767 enim
879 2715 1075 2768 omnis
1102 2715 1295 2769 oetatis
1310 2754 1331 2781 2
1360 2695 1557 2769 omnis
1585 2711 1856 2782 ordinis,
1890 2716 2205 2790 utriusque

80 2824 252 2862 semus
276 2809 456 2862 etiam
481 2815 777 2861 vocantur
795 2809 865 2861 in
881 2807 1226 2884 periculum
1256 2815 1311 2862 et
1337 2806 1754 2870 ‘vocabuntur-‚-
1790 2826 1909 2863 non
1938 2809 2207 2864 civitates

81 2907 318 2956 tantum
336 2941 357 2971 ,
402 2899 506 2956 sed
534 2902 689 2957 vicos
724 2903 907 2956 etiam
949 2909 1126 2978 atque
1167 2921 1341 2980 aqros
1382 2902 1733 2960 christianae
1765 2904 2208 2979 superstitionis

81 2996 347 3072 contagio
366 3003 697 3074 pervaqata
741 3004 861 3068 θείς
891 3015 1079 3074 prope
1094 2999 1239 3073 jam
1279 2996 1540 3054 desolata
1578 2997 1796 3074 templa
1834 2996 2119 3067 deorum,
2154 3005 2212 3054 et

86 3275 281 3342 tiplicari
318 3288 500 3341 possent
527 3281 576 3326 in
609 3280 846 3327 infinitum
868 3316 880 3337 ‚
938 3290 990 3328 ut
1037 3281 1099 3328 ita
1187 3282 1491 3344 microscopio
1520 3279 1719 3328 lambi-as
1750 3296 1909 3330 omnes
1943 3284 2209 3347 inquirunt,

84 3359 236 3407 dicam
260 3396 273 3417 ‚
310 3370 610 3408 monumenta
654 3378 709 3408 ex
742 3362 914 3426 quibus
945 3361 1098 3426 colligi
1182 3371 1233 3409 ut
1257 3363 1498 3409 inveniant
1523 3378 1626 3426 quae
1648 3363 2017 3427 reprehendant,
2045 3373 2090 3410 et
2117 3365 2206 3410 mi-

84 3452 270 3506 posseut
297 3444 539 3490 innumera
561 3442 785 3491 beneficia
803 3481 816 3503 ,
834 3459 937 3510 quae
952 3447 1002 3491 in
1019 3461 1098 3491 so·
1181 3445 1291 3490 seris
1334 3443 1655 3508 paralogismis
1695 3443 1908 3509 religioni
1937 3444 2212 3492 adscribunt

87 3525 296 3571 cietatem
314 3523 509 3571 contulit
525 3523 686 3588 religio
697 3524 945 3575 christiana
963 3561 977 3586 ,
997 3542 1100 3591 quae
1181 3542 1231 3574 ea
1250 3561 1263 3583 ,
1300 3539 1403 3590 quae
1433 3524 1592 3589 religio
1633 3525 1881 3590 proscribit
1907 3541 1960 3574 ae
1997 3524 2209 3575 damnat.

90 3612 241 3655 tamen
262 3604 494 3655 inereduli
519 3605 914 3668 dissimulant,ae
927 3609 1097 3658 interea
1249 3605 1316 3672 (l)
1357 3604 1472 3654 Lib.
1506 3623 1533 3654 x
1553 3642 1567 3668 ‚
1602 3605 1688 3672 Ep.
1717 3621 1800 3673 97.
