2554 4140
548 141 698 179 Phor.
749 142 827 177 xx.
877 139 946 176 1111
988 140 1166 176 noua
1207 139 1326 175 snt.
1375 138 1557 176 urna
1601 138 1751 175 Eum..
2091 114 2209 174 339

182 283 326 344 271.
364 281 637 363 Sequitur
678 292 876 342 autem
917 295 988 341 ex
1032 276 1204 339 dictis
1231 322 1247 352 7
1301 279 1364 336 1⁰
1401 277 1557 338 male
1594 277 1836 337 omnino
1886 299 2004 337 suae
2043 276 2217 336 saluti

102 377 401 439 consulere
427 398 524 436 eos
548 422 564 451 7
591 376 692 457 qui
719 373 1195 451 effutiuntpoeobi
1219 373 1482 432 hominis
1502 395 1623 432 non
1647 395 1770 433 esse
1795 372 2060 432 deserere
2087 393 2218 431 eam

102 473 474 553 religionem..
515 472 579 530 in
604 492 720 552 qua
754 467 1152 550 unusquisque
1181 478 1354 525 natus
1395 478 1484 527 est
1518 479 1578 527 et
1617 469 1931 540 enutritus,
1967 466 2220 527 Idolola-

104 581 209 628 trae
227 570 385 627 enim
403 612 419 641 7
450 566 743 639 Islami-tae7
764 576 874 624 etc.
891 563 1043 621 ham:
1064 559 1337 618 eamdem
1362 563 1769 643 exceptionem
1794 564 1978 622 facere
1994 562 2246 644 potuis·

107 674 240 722 sent
275 661 371 722 vel
411 661 588 719 etiam
617 668 857 741 possent
896 654 1175 714 adversus
1215 653 1628 734 Apostolorum
1668 669 1728 716 et
1774 657 2037 717 Ecclesiae
2072 678 2227 739 prae-

111 756 481 815 dicationem.
510 755 568 813 Si
596 751 766 834 probi
793 749 1048 809 hominis
1074 770 1193 806 non
1220 759 1306 806 est
1332 747 1597 807 deserere
1630 750 1999 830 religionem
2025 753 2088 811 in
2112 775 2228 834 qua

109 850 353 932 quisque
384 859 558 906 natus
582 857 704 919 cst7
739 865 842 903 cur
873 844 1050 922 igitur
1080 845 1475 901 Protestantes
1507 854 1595 931 tot
1621 842 1839 918 biblia7
1864 858 1960 907 tot
1994 849 2231 929 impen-

107 966 232 1019 sas7
261 955 349 1002 tot
374 940 602 1001 labores
623 939 932 997 insumunt
957 938 1020 996 in
1051 935 1459 1012 missionibus
1488 928 1630 1020 quas
1647 949 1816 997 tanto
1834 940 2027 1000 studio
2053 953 2231 1025 atque

107 1041 334 1121 impetu
372 1033 770 1117 promovent?
806 1035 910 1092 Ast
957 1044 1270 1114 propterea
1308 1031 1500 1091 solum
1546 1034 1834 1111 ejusmodi
1875 1034 2233 1117 principium

107 1134 267 1192 inter
285 1133 679 1190 Protestantes
721 1127 971 1189 invaluit
993 1172 1009 1202 7
1045 1127 1181 1208 quia
1209 1148 1344 1186 cum
1369 1127 1626 1187 viderint
1649 1150 1778 1187 suas
1806 1140 1988 1188 sectas
2017 1129 2234 1212 ubique

108 1225 290 1287 dilabi
312 1271 328 1298 7
374 1246 439 1283 ac
478 1223 675 1305 plures
719 1221 979 1304 quotidie
1016 1243 1089 1281 ex
1134 1221 1274 1304 ipsis
1308 1222 1385 1281 ad
1423 1222 1735 1282 Ecclesiam
1780 1223 2132 1285 catholicam
2173 1212 2236 1285 se

58 1316 61 1321 ’
108 1323 364 1402 recipere
385 1364 400 1394 7
434 1315 717 1397 ejusmodi
753 1326 1156 1376 commentum
1186 1316 1530 1376 effutierunt
1552 1363 1568 1393 7
1598 1329 1666 1376 ut
1693 1340 1802 1403 per
1829 1318 1989 1378 hunc
2023 1318 2234 1381 saltem

111 1416 303 1474 inanis
327 1414 565 1473 honoris
601 1422 952 1494 praetextum
984 1411 1211 1470 sectarii
1239 1413 1655 1472 retinerentur.
1687 1410 1841 1472 Sane
1866 1413 2015 1472 nihil
2042 1416 2237 1496 potius

110 1509 333 1593 probro
367 1530 489 1568 esse
531 1517 726 1589 potest
760 1504 991 1564 homini
1029 1504 1278 1564 honesto
1315 1527 1380 1564 ac
1416 1507 1706 1586 ingenuo7
1742 1528 1922 1588 quam
1956 1531 2079 1568 non
2118 1532 2241 1571 am-

112 1604 289 1686 plecti
344 1603 649 1662 veritatem
672 1646 688 1670 ,
741 1621 874 1660 cum
914 1599 1094 1682 ipsius
1139 1601 1326 1659 menti
1365 1601 1640 1681 affulget7
1672 1613 1732 1661 et
1782 1602 1934 1664 velle
1976 1604 2040 1663 in
2086 1627 2241 1665 erro-

114 1719 178 1758 re
215 1698 446 1777 cognito
485 1708 544 1755 et
587 1695 816 1755 detecto
852 1696 1180 1778 persistere.
1229 1695 1638 1778 Quamquam,
1679 1708 1744 1755 ut
1782 1697 1975 1759 verius
2015 1698 2236 1780 dicam,

113 1792 370 1853 haeretici
387 1837 403 1866 7
438 1790 785 1850 schismatici
807 1802 867 1849 et
890 1788 1174 1849 increduli
1197 1838 1213 1867 7
1251 1789 1578 1850 accedendo
1604 1791 1680 1850 ad
1706 1791 2017 1853 Ecclesiam
2048 1794 2243 1855 catho-

112 1887 284 1947 licam
300 1933 315 1961 7
334 1887 489 1945 inter
505 1886 706 1945 matris
722 1884 1026 1967 amplexus
1056 1883 1251 1944 denuo
1278 1887 1551 1962 redeant7
1573 1908 1750 1968 quam
1773 1887 1885 1970 ipsi
1915 1888 2010 1950 vel
2034 1910 2240 1966 eorum

117 1987 366 2060 majores
394 2002 500 2062 per
529 2003 827 2039 summum
852 1980 1015 2039 nefas
1049 1979 1453 2040 deseruerunt.

196 2077 341 2135 272.
391 2076 659 2156 Sequitur
701 2076 770 2133 20
812 2098 1295 2158 unumquemque
1346 2099 1454 2158 pro
1509 2077 1731 2140 viribus
1778 2080 1967 2140 teneri
2020 2080 2196 2142 dubia
2221 2129 2241 2160 ,μ

118 2193 247 2253 quae
268 2170 568 2231 interdum
598 2169 706 2229 sibi
729 2170 1110 2230 suboriuntur
1129 2217 1144 2246 7
1173 2172 1461 2232 discutere
1483 2185 1543 2233 et
1571 2175 1883 2235 veritatem
1907 2174 2202 2259 inquirere
2221 2167 2248 2254 7*

120 2287 365 2348 eamque
407 2266 606 2324 statim
649 2266 956 2348 amplecti7
1003 2287 1136 2326 cum
1183 2288 1313 2326 eam
1356 2268 1782 2350 deprehendit7
1828 2272 1940 2330 nisi
1988 2272 2133 2335 velit
2178 2274 2241 2332 in

118 2362 455 2442 gravissima
480 2360 765 2420 habituali
791 2383 944 2420 noxa
974 2361 1160 2422 vitam
1194 2361 1402 2442 degere
1421 2409 1436 2438 7
1472 2385 1537 2423 ac
1575 2363 1968 2425 damnationis
2002 2379 2241 2428 aeternae

121 2456 378 2517 evidenti
420 2456 679 2540 periculo
715 2479 782 2515 se-
816 2478 876 2516 se
921 2479 1249 2540 exponere7
1301 2480 1494 2518 moras
1542 2459 1836 2521 nectendo
1877 2461 1954 2521 ad
1996 2483 2244 2525 conver-

121 2574 364 2612 Sionem.

202 2647 346 2707 273.
393 2648 666 2728 Sequitur
687 2645 754 2705 3⁰
773 2668 895 2704 non
922 2645 1112 2704 solum
1138 2647 1460 2726 gravissimi
1486 2647 1742 2707 criminis
1769 2670 1897 2708 reos
1924 2649 2052 2709 illos
2083 2672 2208 2711 esse
2226 2697 2243 2728 7

125 2747 235 2821 qui
256 2746 563 2802 veritatem
591 2744 713 2800 Dei
731 2746 799 2799 in
824 2745 1134 2820 injustitia
1151 2742 1453 2814 detinent,
1481 2744 1696 2825 quique
1712 2755 2002 2826 quaestum
2026 2746 2248 2807 faciunt

129 2856 201 2894 ex
246 2837 576 2894 animarum
601 2835 977 2895 damnatione
996 2880 1013 2910 7
1043 2856 1251 2896 verum
1286 2837 1463 2895 etiam
1487 2858 1584 2896 eos
1607 2859 1809 2897 omnes
1829 2885 1844 2911 7
1883 2840 1982 2921 qui
2008 2862 2249 2902 omnem

130 2930 488 3012 diligentiam
517 2952 639 2990 non
673 2929 958 2990 adhibent
1000 2931 1062 2989 in
1099 2931 1478 3014 inquisitione
1515 2933 1776 2994 veritatis
1793 2975 1811 3010 7
1849 2955 1914 2994 ac
1948 2935 2253 3017 negligunt

133 3134 410 3193 nasianum,
445 3131 573 3197 quod
597 3133 664 3181 sic
683 3133 892 3197 incipit.
931 3131 1037 3200 Qui
1050 3132 1148 3180 sal-
1231 3133 1475 3200 Apostolos
1518 3148 1760 3198 accusant,
1808 3149 1852 3188 et
1909 3139 2144 3190 Christum
2202 3152 2258 3191 ut

135 3231 223 3263 vus
243 3215 357 3278 fieri
381 3215 545 3280 cupit,
578 3222 754 3262 restam
784 3232 890 3280 proe
931 3216 1156 3263 omnibus
1234 3217 2098 3285 seductoremhabe'ntetenthusiasten,
2116 3235 2206 3273 etc.
2219 3225 2256 3286 ),

143 3295 465 3346 christianam
494 3295 812 3346 universalem
856 3298 870 3360 (
894 3297 1155 3362 symbolum
1237 3298 1413 3363 absque
1442 3299 1586 3348 dubio
1611 3303 1668 3349 in
1697 3311 1927 3351 oeternum
1948 3305 2162 3370 peribi5t
2190 3309 2260 3355 sic

138 3379 248 3426 dicit
274 3377 582 3440 catholicam
568 3378 751 3442 )fidem
767 3379 940 3426 habeat
963 3388 1157 3445 oportet.
1242 3398 1348 3428 vero
1379 3382 1598 3446 explicit:
1616 3382 1742 3432 Hoec
1758 3393 1827 3432 est
1841 3395 1969 3434 recta
1994 3386 2263 3435 christiana

144 3460 250 3526 Qui
279 3459 414 3533 illum
444 3476 543 3508 non
578 3461 773 3508 omnino
811 3462 1047 3524 inteqram
1077 3469 1164 3509 aut
1238 3462 1386 3526 βαίη,-
1409 3465 1497 3527 qui
1524 3465 1680 3529 ipsmn
1696 3466 1837 3530 firme
1860 3475 1905 3516 et
1925 3466 2135 3530 fideliter
2162 3485 2261 3516 non

132 3554 315 3607 puram
346 3541 485 3589 habet
512 3540 723 3607 (qualem
743 3541 942 3590 vidimus
968 3546 1110 3592 teneri
1136 3561 1162 3591 a
1245 3551 1399 3606 tenet,
1428 3545 1589 3594 salvus
1612 3548 1728 3611 fieri
1748 3565 1848 3596 non
1863 3556 2035 3614 potest.

141 3622 522 3685 ProtestantibuS‚
551 3625 630 3689 qui
647 3627 890 3687 scripturas
914 3627 1161 3691 rejiciunt,

1891 3711 1990 3768 22..
