2554 4140
460 225 582 262 GAP.
628 226 718 260 111.
769 223 837 258 nn
878 220 1006 259 nor.
1052 219 1171 258 mv.
1219 220 1291 255 Ac
1334 214 1641 256 sumnum.
1690 215 1823 256 REV.
2132 194 2206 252 51

85 379 238 428 taret
279 368 784 450 imperfectionem
824 364 887 427 in
935 363 1161 434 Deum,
1207 360 1366 439 quod
1409 371 1699 441 repugnat
1743 379 1987 450 summae
2030 359 2212 441 ipsius

87 464 393 522 sanctitati.
428 462 493 521 Id
519 471 682 544 patet
706 480 775 517 ex
801 457 927 536 ipso
961 453 1266 512 mendacio
1286 498 1302 527 ‚
1340 453 1499 533 quod
1522 466 1924 535 opponeretur
1951 455 2205 515 veritati.

175 560 311 618 132.
362 559 503 616 Inst.
538 553 750 615 Eadem
779 562 868 609 est
897 549 1046 608 ratio
1077 547 1275 629 legum
1302 546 1675 628 physicarum
1700 570 1765 608 ac
1793 550 1991 631 legum
2023 571 2213 610 mora-

86 654 266 726 lium3
293 652 454 734 atqui
480 651 599 707 istae
628 645 841 704 mutari
873 666 996 702 non
1021 653 1302 724 possunt3
1339 663 1475 721 ergo
1503 663 1697 722 neque
1722 642 1856 703 illae.

178 748 314 807 133.
361 749 531 825 Resp.
560 741 714 821 Ney.
748 744 896 818 maj.
924 751 984 798 et
1010 739 1359 820 paritatem3
1387 736 1592 825 prirnae
1622 737 1784 796 enim
1806 782 1821 812 ,
1849 739 1896 797 si
1920 735 2047 821 quai
2074 742 2215 816 sint,

92 867 125 903 a
160 844 342 902 libera
376 838 480 899 Dei
509 836 814 897 voluntate
843 835 1148 943 pendent7
1190 854 1312 891 non
1338 843 1538 892 'autem
1581 831 1850 926 secundae
1872 878 1888 908 a
1939 855 2066 915 quae
2099 837 2220 896 affi-

96 941 256 999 ciunt
302 937 424 1016 ipsa
480 931 722 991 moralia
775 934 879 991 Dei
935 928 1216 989 attributa
1238 974 1254 1003 7
1313 928 1689 987 sanctitatem
1740 948 1960 1010 nempe
1981 974 1998 1003 .,
2052 931 2220 1006 justi-

99 1036 272 1106 tiam,
311 1041 418 1090 etc.

905 1149 1316 1205 PROPOSITIO
1355 1150 1399 1201 I.
1430 1169 1432 1171 ’

173 1301 486 1361 Min-acula
528 1301 930 1356 certissimam
972 1305 1178 1353 notam
1219 1294 1500 1368 exhibent
1540 1294 1628 1351 ad
1665 1294 2138 1374 diynoscendanb

433 1395 712 1452 divinam
754 1413 827 1450 ac
869 1391 1403 1470 supernaturalem
1445 1390 1883 1448 revelationem.

184 1584 318 1644 134.
365 1581 709 1647 Miraculum
734 1603 805 1641 ex
837 1580 987 1641 datis
1016 1578 1458 1640 definitionibus
1493 1601 1618 1638 non
1654 1590 1850 1661 potest
1884 1601 2011 1640 esse
2045 1582 2157 1640 nisi
2194 1605 2228 1642 a

99 1683 252 1754 De03
293 1696 427 1761 ergo
456 1679 502 1737 si
534 1681 686 1737 Deus
721 1664 999 1735 miracula
1026 1676 1235 1735 efficiat
1259 1677 1324 1734 in
1358 1676 1619 1734 favorem
1647 1675 2020 1736 revelationis
2043 1722 2061 1751 ‚
2101 1699 2228 1760 quae

100 1780 221 1854 ejus
255 1775 495 1834 nomine
530 1773 910 1855 proponitur,
952 1770 1228 1829 miracula
1262 1793 1387 1828 non
1414 1782 1663 1851 possunt
1694 1793 1818 1829 non
1858 1793 1982 1830 esse
2021 1775 2228 1846 certis-

102 1873 247 1929 sima
284 1881 425 1928 nota
462 1868 537 1926 ad
564 1866 1021 1947 dignoscendam
1060 1865 1324 1925 divinam
1362 1886 1426 1924 ac
1463 1866 1970 1946 supernaturalem
1999 1868 2230 1930 revela-

102 1968 346 2025 tionem.
505 1979 510 1985 ’
786 2036 789 2039 ¹
1322 1963 1324 1965 ’
1640 1956 1644 1959 ’

134 2108 137 2111 .
191 2061 327 2120 135.
375 2063 527 2119 Deus
556 2060 715 2119 enim
740 2060 952 2120 veritas
980 2069 1067 2118 est
1096 2079 1288 2139 neque
1324 2056 1588 2139 unquar'n
1609 2069 1806 2140 potest
1832 2059 1928 2118 vel
1959 2060 2231 2143 adstipu-

97 2156 205 2215 lari
235 2156 415 2215 errori
449 2167 509 2214 et
546 2154 818 2229 falsitati,
847 2154 949 2215 vel
983 2176 1100 2214 suae
1141 2154 1500 2213 auctoritatis
1537 2154 1790 2234 sigillum
1818 2158 2232 2237 apponere-ad

100 2272 358 2310 errorem
392 2250 902 2325 confirmandum,
943 2249 1040 2310 vel
1076 2248 1285 2308 saltem
1313 2251 1688 2330 permittere,
1728 2250 1776 2308 si
1815 2271 2009 2310 sermo
2051 2253 2127 2310 sit
2156 2253 2232 2315 de

100 2344 371 2428 operibus
401 2345 739 2405 daemonum
760 2392 775 2420 .,
813 2356 879 2403 ut
922 2346 1038 2426 ipsi
1072 2333 1210 2403 talia
1242 2365 1418 2427 opera
1449 2344 1629 2405 edant
1649 2391 1665 2421 ,
1705 2344 1916 2428 quibus
1957 2346 2229 2409 homines

101 2439 515 2501 invincibiliter
544 2442 606 2499 in
633 2462 890 2500 errorem
926 2439 1310 2500 inducantur.

189 2536 324 2594 136.
373 2523 527 2594 Deus
560 2536 722 2596 enim
753 2536 1022 2618 decipere
1051 2535 1317 2595 homines
1354 2559 1476 2595 non
1503 2548 1699 2619 potest
1729 2538 1851 2598 sive
1876 2559 1984 2619 per
2012 2560 2073 2599 se
2106 2541 2231 2607 sive

101 2652 206 2712 per
233 2631 409 2705 aliosz,
441 2632 676 2711 siigitur
698 2631 974 2691 miracula
1007 2631 1185 2692 veluti
1206 2634 1367 2713 signa
1391 2634 1663 2695 assumsit
1696 2634 1771 2692 ad
1795 2636 2227 2697 testificandam

100 2748 164 2785 ac
178 2726 639 2808 patefaciendam
654 2726 870 2787 divinae
891 2749 1006 2787 suae
1019 2729 1477 2810 supernaturalis
1496 2730 1868 2788 revelationis
1886 2733 2196 2792 veritatem
2207 2777 2224 2808 .,

99 2823 302 2904 nequit
329 2822 669 2904 permittere
691 2853 719 2896 ‚⁴
744 2834 812 2881 ut
843 2822 1141 2883 daemones
1178 2823 1314 2882 talia
1351 2845 1527 2905 opera
1571 2835 1844 2905 patrent,
1888 2825 2101 2907 quibus
2128 2827 2224 2888 vel

104 2915 273 2976 dubia
315 2920 416 2977 fiat
448 2917 713 3000 probatio
743 2964 758 2993 a
804 2940 932 3000 quae
976 2940 1047 2978 ex
1080 2919 1372 2978 miraculis
1401 2921 1625 2978 eruitur
1648 2965 1663 2994 .,
1703 2919 1800 2980 vel
1834 2921 1915 2979 ita
1953 2921 2222 2983 homines

103 3009 462 3094 decipiantur
479 3059 495 3088 7
522 3025 589 3072 ut
610 3014 671 3072 in
687 3014 1410 3074 erroremineluctabiliter
1433 3014 1792 3075 inducantur
1809 3061 1825 3089 .,
1861 3028 1987 3075 tum
2011 3020 2214 3094 etiam,

102 3116 167 3164 ut
199 3108 483 3186 dicemu5‚
521 3131 656 3169 cum
681 3108 866 3168 malos
906 3111 1117 3191 punire
1149 3110 1472 3171 decreverit
1506 3113 1601 3171 vel
1643 3111 1827 3171 bonos
1861 3112 2128 3194 probare.

101 3299 374 3360 apostasiam
403 3317 429 3348 a
466 3302 683 3367 religione
713 3303 936 3351 catholica
959 3339 972 3362 .,
1009 3301 1066 3348 V
1061 3307 1109 3350 ό·
1191 3303 1307 3351 dela
1325 3306 1463 3353 vraie
1487 3303 1645 3368 reliq„
1665 3315 1780 3353 tom.
1800 3321 1849 3355 v.
1870 3305 2016 3354 —Ex
2034 3306 2218 3358 hetero-

98 3379 268 3426 ritable
294 3379 428 3445 reliq.
466 3383 502 3431 l.
533 3381 569 3431 li
586 3422 599 3443 ‚
628 3386 708 3434 ch.
736 3402 752 3433 1
783 3386 853 3447 31²
857 3387 1063 3450 assonius
1091 3421 1106 3444 ‚
1192 3386 1319 3434 doxis
1336 3389 1560 3451 praecipue
1574 3386 1736 3435 Petrus
1751 3386 1890 3452 Bayle
1912 3425 1925 3447 ‚
1952 3391 2084 3453 cujus
2106 3389 2214 3438 lon·

44 3526 46 3528 K
98 3460 180 3509 De
214 3463 427 3523 mirac.;
464 3463 620 3514 Hooke
661 3467 891 3533 Princip.
930 3465 1067 3531 reliq.
1091 3503 1104 3527 ,
1191 3484 1295 3532 gam
1324 3470 1723 3533 impugnationem
1761 3469 1968 3518 rei'erunt
2010 3469 2060 3517 T
2058 3469 2212 3517 revol-

98 3551 215 3591 tom.
240 3560 310 3603 ιιι,
324 3543 515 3593 Dissert.
534 3545 605 3595 De
625 3550 819 3612 Μίνωας
840 3550 1108 3598 Valsechius
1190 3550 1324 3596 tiani
1340 3586 1352 3608 ‚
1375 3567 1500 3598 anno
1529 3547 1675 3614 1743.
1704 3561 1792 3599 art.
1812 3548 1870 3613 41
1889 3585 1904 3611 ‚
1925 3568 2028 3615 pag.
2063 3549 2207 3612 1018,

95 3622 431 3680 Fondamenti
457 3626 578 3675 della
609 3630 765 3694 reliq„
792 3631 925 3679 lib.n
952 3669 964 3690 ‚
1007 3628 1065 3679 16
1090 3668 1103 3691 ‚
1190 3641 1234 3679 et
1264 3629 1491 3696 Alphons.
1523 3631 1703 3681 Nicolai
1723 3629 1774 3682 S.
1802 3630 1851 3681 J.
1873 3631 1994 3681 Lez.
2029 3649 2079 3699 7,
2097 3631 2210 3682 sull'

94 3720 141 3755 n.
168 3701 200 3750 8
225 3723 239 3769 3
260 3707 443 3773 Bergicr
461 3747 474 3769 ,
508 3709 678 3758 Traite
700 3710 814 3761 hist.
836 3720 881 3761 et
896 3711 1102 3778 doqmat.
1190 3710 1369 3762 Esodo.
1735 3725 1740 3732 ’
