2554 4140
432 148 555 185 ctu».
605 149 696 184 111.
748 148 815 186 ne
857 147 1036 186 musr.
1088 149 1208 187 mv.
1258 147 1329 187 Ac
1372 145 1673 186 summum.
1710 145 1838 185 miv.
2054 123 2167 184 157

57 311 190 368 qme
219 290 523 368 reliyionik
548 289 878 360 dicunt-ur,
910 287 1208 365 expendas
1221 326 1244 355 ,
1272 306 1347 343 ne
1376 307 1576 345 unum
1598 287 1842 365 quidem
1871 288 2167 357 invenies,

57 389 233 464 cujus
268 387 431 463 oriyo
466 395 521 442 et
552 405 739 442 causa
774 404 896 442 non
935 383 1130 460 fuerit
1163 383 1233 437 in
1268 381 1419 437 aula
1446 385 1816 460 principum
1839 423 1864 453 ‚
1907 400 2170 459 quorum

59 484 386 550 intererat,
423 481 532 537 illa
569 480 720 538 bella
754 481 906 557 qeri.
946 476 1428 536 Machinationee
1457 475 1746 533 bellorum
1789 480 1859 534 in
1901 479 2170 535 secretio-

59 576 232 633 ribus
268 575 467 653 adytis
496 574 921 635 struebantur‚·
956 570 1099 626 dein
1131 587 1400 647 proceres
1433 571 1876 628 commovebant
1912 573 2033 630 Dei
2062 591 2170 638 no-

59 674 220 728 mine
233 670 531 747 populum
557 678 612 724 et
630 668 950 724 classicum
976 663 1277 721 canebant
1299 659 1408 741 (l).

141 764 281 823 367.
331 762 420 823 Ad
444 763 530 822 7m
547 807 564 835 .,
592 763 747 821 Dist.
778 760 924 832 Quia
952 757 1038 817 illi
1067 761 1450 839 Imperatores
1473 768 1532 816 et
1555 759 1735 837 Reges
1756 762 1852 836 jus
1876 770 1935 818 et
1957 759 2170 820 initum

59 858 246 918 foedus
270 904 286 933 ,
329 867 504 939 prout
537 854 688 914 illius
728 853 1005 935 temporis
1047 853 1318 931 adjuncta
1361 851 1719 934 poscebant,
1763 853 2013 934 pessime
2047 856 2172 914 vio-

57 953 283 1025 larunt3
319 973 506 1019 cono.,·
532 949 706 1024 aliaS,
753 971 881 1030 ney.
917 951 1050 1009 Jam
1080 970 1219 1011 vero
1256 948 1598 1022 Pontifices7
1635 948 1734 1030 qui
1775 958 2176 1008 restaurarunt

60 1047 379 1130 Imperium
409 1047 470 1104 in
506 1044 803 1104 occidente
824 1089 842 1121 7
882 1044 988 1103 sub
1013 1042 1290 1126 peculiari
1321 1042 1655 1102 conditione
1686 1053 1746 1101 et
1771 1042 2026 1102 clausula
2054 1044 2176 1103 Im-

56 1154 349 1225 peratores
393 1142 854 1215 constituerunt,
914 1151 979 1198 ut
1023 1139 1356 1199 defensores
1403 1160 1463 1199 se
1513 1137 1843 1220 praeberent
1902 1138 2170 1200 Ecclesiae

56 1240 364 1310 Romanoe3
403 1257 536 1294 cum
562 1236 734 1314 igitur
770 1256 840 1293 ex
867 1233 1268 1296 defensoribus
1289 1233 1426 1293 facti
1450 1233 1668 1293 fuerint
1691 1233 1955 1293 acerrimi
1981 1232 2174 1294 hostes

56 1345 115 1391 et
143 1332 579 1412 impugnatores
600 1374 616 1404 ,
651 1329 789 1388 hinc
815 1340 1019 1410 utpote
1049 1329 1203 1410 pacti
1234 1329 1574 1388 infractores
1603 1328 1959 1387 exauctorati
1999 1340 2171 1402 sunt,

57 1450 189 1509 quae
220 1428 457 1508 quidem
482 1427 629 1486 ratio
657 1447 820 1507 aeque
849 1424 1062 1484 militat
1096 1446 1205 1506 pro
1227 1423 1588 1506 temporibus
1609 1470 1624 1498 .‚
1663 1423 1875 1506 quibus
1900 1429 1997 1503 jus
2025 1424 2177 1485 elec-

62 1523 244 1582 torale
278 1522 676 1581 introductum
703 1521 830 1580 fuit.
869 1522 999 1579 Non
1039 1542 1071 1579 a
1109 1521 1373 1601 potentia
1412 1531 1723 1602 propterea
1751 1518 1862 1578 sibi
1896 1518 2178 1579 attributa

61 1640 93 1677 a
119 1618 392 1676 Romanis
409 1614 791 1691 'Pontificibus
810 1661 826 1692 ,
859 1615 963 1674 scd
985 1614 1058 1674 ab
1081 1615 1205 1697 ipsa
1230 1615 1313 1675 rei
1335 1626 1544 1674 natura
1570 1614 1891 1698 repetenda
1919 1626 2010 1675 est
2034 1619 2181 1697 ejusss

62 1711 221 1770 modi
261 1713 672 1773 exauctoratiO.
718 1713 836 1769 Nec
877 1709 1355 1792 praetereundum
1393 1722 1481 1770 est
1529 1710 1832 1769 Pontifices
1878 1710 2179 1770 interdum

64 1830 133 1867 ex
166 1818 398 1889 recepta
422 1807 717 1865 communi
746 1806 1036 1864 sententia
1059 1827 1297 1863 suorum
1324 1817 1655 1887 temporum
1696 1805 1871 1884 egisse
1905 1806 2019 1885 (2).
2051 1807 2178 1886 Op-

67 1913 316 1983 portuna
344 1911 626 1984 praeterea
653 1912 742 1960 est
776 1899 1201 1960 animadversio
1227 1901 1474 1959 recentis
1506 1899 1757 1960 auctoris
1788 1922 1801 1956 :
1832 1901 1921 1958 De
1950 1904 2030 1959 iis
2057 1901 2176 1960 Ee-

64 2000 253 2056 clesioe
271 1998 646 2077 praesulibus
674 1999 840 2076 lonqe
867 1997 1394 2074 aliudjudicium
1415 2000 1614 2075 seras,
1653 1999 1710 2055 si
1743 2017 1862 2075 qua
1898 2000 2185 2056 via-erunt

65 2104 231 2151 oetate
310 2093 782 2151 considerentur.
851 2093 1098 2150 Etenim
1152 2093 1346 2170 plura
1411 2102 1555 2150 sunt
1578 2135 1595 2166 ,
1666 2113 1801 2170 quoe
1856 2093 2179 2171 publicam

66 2189 647 2245 animadversionem
681 2190 891 2244 merito
920 2189 1291 2245 concitarent
1314 2196 1480 2244 aetate
1516 2187 1627 2244 hac
1657 2197 1896 2258 nostra,
1929 2209 2061 2266 quae
2086 2199 2180 2247 ta-

68 2304 205 2341 men
239 2284 358 2340 alio
380 2283 496 2340 suh
517 2284 653 2341 coelo
678 2292 852 2360 atque
887 2285 957 2339 in
988 2282 1217 2340 diverso
1257 2303 1466 2340 rerum
1497 2282 1706 2340 ordine
1722 2283 1932 2366 *videri
1947 2287 2186 2362 possint

0 2443 2 2445 ,
65 2390 453 2438 consentanea
495 2382 807 2437 communi
844 2382 1145 2438 societatis
1202 2380 1382 2444 hono;
1434 2383 1707 2438 extremis
1749 2400 1935 2458 porro
2004 2382 2183 2439 malis

67 2484 329 2532 extrema
362 2474 628 2531 remedia
656 2474 980 2531 identidem
1020 2474 1327 2532 admovere
1359 2474 1710 2553 prudentioe
1747 2484 1830 2532 est
1846 2517 1868 2546 ,
1906 2496 2012 2533 nec
2055 2485 2182 2534 tam

62 2571 246 2648 facile
270 2562 650 2648 reprobanda
673 2578 817 2627 sunt
841 2570 986 2640 illa,
1015 2569 1240 2648 quihus
1268 2569 1530 2628 homines
1561 2571 1828 2628 meliores
1853 2571 2045 2649 fiant‚·
2062 2574 2186 2650 ser-

70 2686 174 2724 rea
214 2675 415 2723 autem
449 2665 668 2722 soecula
713 2667 911 2742 ferreo
955 2665 1389 2743 quodammodo
1420 2670 1714 2745 reyimine
1751 2670 2051 2725 contineri
2082 2667 2184 2725 de-

74 2899 106 2931 a
130 2883 280 2930 sevire
304 2889 468 2931 contro
496 2880 551 2928 di
575 2878 720 2944 quelli
739 2896 754 2943 ;
777 2877 832 2930 S.
849 2878 1084 2945 Aqoetino
1167 2880 1279 2931 Vid.
1311 2884 1457 2931 versio
1492 2882 1634 2932 latina
1654 2885 1778 2931 citati
1802 2884 1891 2933 loci
1916 2884 1976 2933 ad
2012 2885 2186 2935 calcem

72 2961 290 3028 supplica
318 2962 361 3011 il
368 2960 641 3029 procomole
660 2959 769 3009 dell’
787 2959 986 3028 Affrica
994 2979 1087 3028 per
1179 2961 1320 3030 hujus
1340 2964 1608 3013 voluminis.

75 3045 98 3091 i
126 3042 402 3093 Donasti-'ti
418 3078 434 3105 ‚
474 3043 561 3091 dai
593 3041 732 3108 quali
759 3060 951 3108 oqnuno
985 3060 1040 3092 aa
1065 3081 1081 3102 ,
1234 3046 1296 3108 (l)
1333 3044 1475 3094 Cons.
1530 3043 1811 3094 Paradoxes
1846 3048 2137 3097 interessem
2166 3087 2181 3107 ‚

75 3124 160 3172 che
185 3125 420 3190 eravaqlio
447 3141 604 3173 avenae
628 3124 675 3173 la
702 3124 861 3181 chiesa
883 3143 897 3174 ε
932 3144 957 3172 «
986 3125 1088 3174 Noi
1164 3144 1213 3191 p.
1233 3125 1493 3193 875-4863
1519 3127 1823 3196 Frayssinous
1843 3167 1856 3189 ‚
1890 3129 2183 3195 Conference

73 3205 350 3272 preqhiamo
376 3207 457 3254 voi
474 3243 488 3266 ‚
526 3206 616 3254 dic’
639 3206 758 3271 eqli,
778 3206 956 3273 perche
985 3224 1084 3256 non
1163 3216 1250 3257 etc.
1282 3208 1362 3256 des
1387 3225 1580 3273 quer-res
1609 3209 1666 3257 de
1697 3209 1916 3276 reliqion.

76 3290 209 3336 ¹vieno
233 3289 388 3335 uccisi
400 3308 420 3344 ;
441 3288 526 3335 noi
543 3287 823 3353 preqhiamo
843 3288 964 3352 Dio,
975 3305 1088 3354 per-
1241 3290 1304 3353 (2)
1342 3289 1482 3339 Cous.
1515 3291 1816 3339 Mazzarelli
1831 3330 1843 3352 ,
1865 3295 1915 3340 in
1947 3309 2103 3357 opusc.
2129 3290 2189 3342 S.

76 3369 161 3417 ohe
175 3371 223 3415 si
239 3385 534 3433 ravveqqano
554 3388 578 3414 ι)
590 3405 602 3418 .
623 3370 754 3418 Ecco
774 3371 909 3418 iveri
926 3371 1087 3419 Caeco·
1175 3370 1407 3434 Greqorio
1422 3389 1502 3434 v113
1514 3389 1640 3421 cons.
1658 3375 1796 3422 etiam
1814 3377 1912 3440 ipse
1930 3375 2190 3422 protestans

77 3449 193 3513 lici5
224 3468 249 3499 e
273 3449 321 3498 Ia
347 3452 498 3498 storia
529 3448 845 3500 ecclesiastica
870 3451 1088 3501 abbonda
1170 3452 1456 3516 Leipnitzius
1474 3471 1584 3518 opp.
1606 3465 1715 3503 tom.
1735 3472 1780 3504 iv
1801 3492 1815 3515 ‚
1834 3474 1882 3521 p.
1899 3456 1950 3518 33
1968 3448 2189 3503 Caesarini

80 3531 135 3578 di
143 3534 296 3596 questi
307 3533 485 3597 esempj
494 3528 653 3594 (Sulla
661 3532 836 3581 morale
849 3533 1084 3591 cattolica,
1170 3534 1466 3595 Zurstenerii,
1483 3534 1639 3585 Tract.
1654 3532 1854 3602 Dejwe
1864 3542 2184 3602 mpromatus,

83 3628 184 3676 pag.
221 3629 287 3680 99
314 3623 358 3663 et
400 3630 529 3679 seqq.
565 3612 676 3664 edit.
709 3613 848 3665 Rom.
897 3613 1081 3681 1826).
1168 3617 1402 3680 integrum
1423 3627 1560 3683 caput
1582 3619 1710 3668 xxxi.
