2554 4140
798 142 954 178 paor.
1007 140 1082 178 v1.
1131 142 1198 178 mi
1240 142 1390 204 sacr.
2034 111 2162 174 269-

135 281 270 341 148.
301 282 366 340 3⁰
381 283 572 358 Quod,
592 305 724 342 cum
743 284 1272 346 Protestantiemus
1285 303 1401 341 vox
1414 283 1490 340 sit
1504 281 1802 362 negativa,
1833 279 2160 360 significans

52 388 244 436 actum
279 378 716 458 protestationis
738 377 1015 438 adversus
1040 374 1309 434 articulos
1331 375 1465 435 fidei
1490 375 1564 435 ab
1589 375 1829 435 Ecclesia
1852 373 2120 435 definitos
2142 421 2156 447 ,

53 472 155 529 fiat
183 483 250 528 ut
267 516 283 546 ,
317 493 433 552 quo
455 474 584 552 quis
607 472 800 531 minus
828 469 1040 542 credit,
1067 490 1170 527 seu
1195 490 1311 548 quo
1330 468 1527 549 plures
1549 469 1818 529 articulos
1844 469 2027 548 rejicit
2043 514 2060 544 ‚
2093 490 2162 527 eo

51 566 232 645 magis
268 566 344 624 sit
373 577 703 647 protestans
724 612 742 640 .‚
778 563 1157 646 eiquesmagis
1202 564 1516 622 conveniat
1552 563 1682 622 talis
1720 563 2119 623 denominatio
2149 610 2165 636 ἦ

51 662 130 719 ita
154 671 220 719 ut
241 661 527 742 perfectus
562 658 891 720 incredulus
914 678 980 716 ac
1004 655 1363 715 rationalista
1388 657 1463 714 sit
1490 658 1780 737 perfectus
1808 669 2159 739 protestans,

137 756 270 815 149.
317 756 382 814 40
422 755 596 833 Quod
637 753 1150 815 Protestantismus
1182 751 1440 834 partialis
1479 752 1552 810 sit
1589 751 1768 833 plena
1807 765 1867 812 et
1901 753 2160 813 formalis

52 849 497 923 incohaerentia;
525 851 572 909 si
598 850 763 909 ¹enim
796 848 991 929 regula
1014 848 1152 908 fidei
1176 859 1264 907 est
1293 847 1529 929 spiritus
1557 846 1819 928 privatus
1841 892 1858 921 ,
1891 848 2053 907 nulla
2077 861 2167 908 est

58 947 206 1005 ratio
231 967 334 1005 cur
355 945 450 1006 vel
474 966 623 1003 unus
646 945 784 1004 fidei
812 943 1086 1003 articulus
1112 943 1458 1003 admittatur
1476 941 1551 1001 ob
1581 940 1842 1001 Ecclesiae
1867 943 2172 1001 auctorita-

56 1053 200 1100 tem.
235 1040 386 1099 Hinc
424 1041 937 1099 Protestantismus
960 1038 1222 1121 partialis
1250 1060 1373 1096 non
1401 1050 1488 1097 est
1521 1047 1706 1096 status
1746 1036 2168 1109 consistentiaet,

57 1135 314 1216 quisquis
357 1134 519 1194 enim
556 1156 587 1193 a
635 1134 750 1195 fide
787 1134 1066 1193 catholica
1104 1133 1442 1206 recesserit,
1477 1131 1575 1191 ille
1611 1131 1871 1214 profecto
1910 1131 1973 1189 in
2010 1128 2175 1189 nullo

45 1228 211 1288 'statu
246 1229 442 1290 medio
476 1229 575 1288 diu
610 1229 1016 1311 permanebit,
1056 1229 1159 1289 sed
1192 1229 1510 1288 deistarum
1553 1226 1646 1287 vel
1683 1226 2174 1286 rationalistarum

55 1323 318 1406 partibus
345 1324 615 1402 accedet3
645 1336 705 1384 et
727 1346 866 1384 sane
895 1325 1149 1384 deismus
1177 1346 1244 1384 ac
1272 1322 1703 1384 rationalismus
1729 1333 1868 1382 sunt
1895 1320 2175 1381 naturalis

57 1440 122 1478 ac
150 1419 389 1479 ultimus
416 1421 633 1481 fructus
661 1420 1127 1480 Protestantismi
1155 1420 1273 1500 (1).

878 1633 1363 1676 DIFFICULTATES.
1420 1689 1424 1693 .

73 1852 76 1854 Ι
151 1775 285 1835 150.
331 1775 464 1854 Obj.
509 1778 565 1834 S.
605 1776 929 1857 Cyprianus
965 1775 1176 1857 aliique
1205 1774 1626 1857 quamplurimi
1656 1775 1893 1833 africani
1923 1777 2183 1859 Episcopi

64 1869 535 1930 dissentiebanta
553 1872 813 1930 Romano
837 1870 1116 1930 Pontifice
1135 1917 1151 1942 ,
1182 1870 1429 1951 ideoque
1453 1868 1526 1928 ab
1554 1869 1798 1929 Ecclesia
1825 1871 2139 1930 universali
2166 1918 2180 1945 ,

59 1966 208 2033 circa
238 1964 599 2027 validitatem
639 1966 922 2048 Baptismi
947 1965 1358 2026 haereticorum
1378 2011 1393 2039 ,
1426 1985 1535 2024 nec
1567 1975 1764 2037 tamen
1802 1965 2047 2026 rebelles
2077 1967 2186 2026 ha-

65 2059 173 2118 biti
199 2072 359 2120 sunt.
411 2061 502 2120 Sic
548 2060 1025 2142 Semipelagiani,
1063 2060 1201 2120 licet
1233 2071 1498 2120 errarent
1535 2062 1679 2119 circa
1709 2062 1906 2140 gratiae
1934 2064 2187 2121 necessi-

66 2167 246 2215 tatem
274 2155 349 2214 ad
379 2156 614 2214 initium
658 2156 836 2230 fidei7
875 2179 995 2214 non
1017 2167 1327 2238 propterea
1350 2155 1612 2214 damnati
1636 2165 1794 2214 sunt.
1831 2157 2187 2238 Frequentes

68 2262 236 2328 sunt,
277 2252 338 2309 in
366 2250 613 2310 Ecclesia
648 2253 769 2332 ipsa
804 2251 1083 2311 catholica
1103 2297 1119 2326 ,
1154 2251 1611 2310 concertationes
1639 2251 1786 2310 circa
1816 2250 1951 2311 fidei
1974 2253 2190 2316 articu-

67 2345 153 2404 los
173 2392 190 2419 ‚
217 2346 410 2407 divisae
424 2346 634 2407 scholae
650 2358 789 2405 sunt
805 2347 1264 2420 Tliomistarum,
1293 2346 1793 2428 Congruistarum‚
1825 2347 2190 2426 Augustinia-

70 2443 341 2500 nensium
361 2487 378 2517 ,
404 2454 516 2502 etc.
545 2463 654 2502 nec
677 2453 985 2524 propterea
1001 2441 1284 2502 alterutra
1302 2441 1788 2502 contendentium
1807 2463 1942 2522 pars
1958 2440 2193 2502 rebellis

71 2551 362 2599 censetur.
405 2542 541 2599 Jam
581 2540 704 2621 ipse
738 2539 1048 2620 Apostolus
1083 2539 1393 2620 scripserat
1437 2561 1451 2595 ε
1506 2539 1925 2619 Unusquisque
1965 2542 2036 2596 in
2087 2561 2193 2598 suo

73 2655 250 2694 semu
275 2637 537 2704 abundet
558 2634 763 2714 (Rom.
797 2635 927 2692 XIV
951 2678 967 2706 ,
994 2634 1102 2712 5);
1146 2654 1378 2693 necesse
1405 2642 1714 2714 propterea
1736 2654 1858 2691 non
1881 2643 1968 2692 est
1995 2644 2195 2692 aucto-

76 2731 233 2790 ritati
256 2731 616 2813 acquiescere
643 2731 706 2788 in
735 2731 837 2803 iis,
870 2751 1003 2810 quae
1043 2728 1119 2816 ad
1154 2728 1331 2787 fidem
1361 2730 1681 2810 pertinent.
2135 2729 2138 2731 Α

164 2826 296 2885 151.
323 2828 496 2905 Resp.
525 2827 683 2883 Dist.
712 2827 860 2883 Ante
883 2845 1216 2903 expressam
1242 2823 1503 2883 Ecclesiae
1527 2823 1928 2883 definitionem
1948 2868 1964 2898 7
1991 2836 2051 2883 et
2070 2828 2197 2906 qui·

82 2918 216 2979 dem
240 2921 349 2981 sub
378 2919 767 2979 anathematis
807 2940 982 3000 poena
1019 2918 1235 2993 latam,
1265 2939 1462 2992 eoue.‚·
1496 2929 1630 3000 post
1663 2917 1943 2996 ejusmodi
1989 2917 2198 2978 defini-

84 3017 339 3089 tionem,
369 3036 499 3095 neq.
536 3013 707 3074 Aliud
738 3025 826 3074 est
850 3035 1074 3091 errare,
1114 3012 1269 3072 aliud
1298 3014 1359 3072 in
1389 3012 1626 3095 proprio
1657 3035 1829 3073 sensu
1853 3013 2193 3096 persistere,

90 3328 93 3335 ,
159 3286 224 3351 (l)
262 3285 544 3334 Leibnitzius
567 3280 729 3334 {nerito
765 3286 1014 3350 praedixit,
1051 3287 1102 3332 in
1184 3284 1472 3345 l'atheisme,
1493 3301 1555 3333 ou
1583 3284 1650 3332 du
1679 3286 1839 3333 moins
1870 3284 1912 3332 le
1934 3284 2202 3333 naturalis·

89 3371 200 3435 epis.
232 3369 404 3416 inedita
430 3367 487 3415 ad
517 3367 769 3416 Arnaldum
789 3405 802 3428 ‚
826 3368 1102 3417 atheismum
1186 3385 1277 3415 me.
1302 3367 1414 3416 Vid.
1441 3365 1734 3433 Empe-sitien
1755 3368 1812 3415 de
1838 3366 1885 3415 la
1901 3366 2116 3414 doctrine
2147 3365 2205 3413 de

92 3453 163 3501 vel
212 3453 368 3500 saltem
417 3452 770 3501 naturalismum
824 3461 1102 3516 postremam
1188 3450 1417 3498 Leibnitz
1442 3466 1530 3498 sur
1549 3449 1596 3498 la
1615 3449 1837 3516 Reliqion
1853 3484 1868 3510 ,
1892 3448 2016 3497 Paris
2045 3445 2200 3512 1819,

90 3536 332 3585 haeresium
347 3536 447 3584 sore
465 3552 479 3583 ε
498 3534 547 3582 Il
560 3543 627 3583 est
637 3536 874 3582 vraiment
894 3534 1106 3582 derain—
1190 3548 1236 3596 p.
1262 3529 1381 3594 415.
1409 3530 1611 3582 Eventus
1631 3534 1872 3582 veritatem
1900 3528 2206 3594 praedictionis

91 3617 175 3667 ‘dre
194 3635 286 3682 que
310 3616 357 3667 la
377 3616 595 3669 dernier-e
618 3616 699 3666 deo
718 3616 920 3666 heretice
941 3633 1002 3665 ne
1018 3618 1113 3665 soit
1193 3614 1411 3663 ostendit.
