2554 4140
353 125 431 182 26
1017 145 1082 180 nn
1125 143 1269 183 VERA
1316 145 1435 183 nm.
1486 147 1619 186 Anv.
1668 149 1823 187 men.

355 290 611 351 Theoriae
651 309 854 349 omnes
887 309 953 347 ac
977 288 1448 350 ratiocinationes
1484 292 1704 352 factum
1737 293 2073 363 universale
2115 306 2174 356 et
2207 310 2479 357 constans

351 409 476 446 non
510 387 854 459 destruunt3
900 406 1077 467 porro
1117 386 1337 445 factum
1366 389 1727 447 contrarium
1771 390 2027 465 evincit,
2075 391 2362 475 quidquid
2406 393 2481 452 sit

353 483 426 543 de
453 482 651 540 nativa
670 482 913 540 rationis
934 481 992 542 vi
1010 493 1070 541 et
1093 482 1343 542 efficacia
1367 532 1384 561 ,
1416 482 1489 543 de
1511 505 1625 566 qua
1648 484 1746 544 hic
1776 508 1899 544 non
1929 485 2303 568 inquirimus,
2330 489 2480 548 Hinc

348 587 747 660 praeoccupata
800 589 939 637 sunt
962 624 978 653 ,
1030 599 1412 661 quaecumque
1465 579 1666 641 deistae
1722 602 1788 640 ac
1837 581 2211 642 rationalistae
2256 605 2477 664 conge-

349 683 523 749 runt,
580 671 851 734 videlicet
900 695 970 733 ex
1007 676 1250 734 nomine
1294 675 1434 756 legis
1483 679 1829 750 naturalis,
1879 699 2008 760 quae
2054 679 2131 737 sic
2174 701 2205 738 a
2249 690 2482 739 natura

351 767 599 843 dicitur,
646 780 775 827 tum
815 770 950 851 quia
983 772 1339 852 paucissimis
1378 794 1444 831 ac
1477 772 1920 854 simplicissimis
1954 775 2298 836 veritatibus
2338 797 2475 835 con-

349 863 604 923 cluditur
649 886 715 923 ac
766 866 1140 942 continetur,
1199 878 1330 926 tum
1381 868 1516 950 quia
1563 869 1749 929 indita
1800 892 1832 929 a
1887 873 2010 930 Deo
2063 883 2151 932 est
2204 872 2481 931 humanae

347 971 574 1020 naturae
601 1005 617 1035 ,
653 971 783 1019 tum
824 974 1123 1043 postremo
1161 964 1294 1044 quia
1324 963 1679 1024 invincibilis
1712 988 1835 1025 non
1861 978 1952 1026 est
1979 967 2109 1026 talis
2146 967 2434 1027 aberratio
2460 1013 2476 1041 ,

348 1056 575 1139 aliaque
617 1057 680 1116 id
714 1079 895 1138 genus
937 1059 1234 1138 ingeniose
1279 1060 1633 1140 excogitata,
1670 1083 1800 1142 quae
1832 1061 1996 1122 nulla
2028 1064 2255 1124 ratione
2295 1063 2479 1122 attin—

347 1165 494 1234 gunt
546 1154 764 1213 factum
803 1177 835 1214 a
871 1154 1055 1237 nobisx
1090 1157 1459 1238 propositum
1484 1203 1500 1232 ,
1547 1156 1823 1239 quodque
1866 1158 2111 1218 inficiari
2157 1159 2477 1220 adversarii

348 1272 470 1309 non
502 1262 789 1332 possunt,
831 1251 946 1311 nisi
971 1251 1158 1314 velint
1187 1254 1383 1311 omnia
1408 1252 1674 1312 historica
1709 1265 2093 1314 monumenta
2124 1253 2473 1316 convellere.

1154 1501 1562 1554 PROPOSITIO
1602 1502 1670 1552 11.

348 1671 451 1729 Ex
494 1690 553 1730 eo
596 1672 759 1750 quod
798 1673 973 1729 nulla
1028 1672 1305 1731 humana
1361 1676 1670 1752 sapien-tia
1713 1683 1825 1731 aut
1867 1673 2178 1731 industria
2228 1673 2488 1751 populos

429 1768 780 1825 revelatione
814 1768 1120 1826 destitutos
1144 1789 1417 1826 revocare
1454 1770 1721 1826 valuerit
1752 1769 1831 1826 ab
1872 1770 2211 1827 universali
2241 1770 2350 1826 illa
2386 1769 2479 1825 de-

420 1866 676 1940 fectione
720 1867 840 1920 sive
883 1867 1050 1921 circa
1095 1865 1327 1922 cultum
1372 1867 1493 1922 sive
1535 1868 1705 1922 circa
1750 1884 1941 1923 mores
1964 1907 1987 1936 ,
2026 1869 2180 1942 jure
2223 1885 2477 1923 rursum

428 1961 702 2036 infertur
739 1960 967 2017 divinoe
1010 1981 1083 2017 ac
1126 1962 1621 2039 supernaturalis
1660 1962 2032 2020 revelationis
2076 1963 2405 2020 necessitas.

433 2204 534 2263 71.
584 2205 838 2262 Rursum
874 2214 933 2263 et
974 2204 1038 2260 in
1077 2202 1187 2262 hac
1223 2205 1623 2285 propositione
1656 2209 1899 2285 factum
1941 2207 2263 2266 adstruitur
2311 2219 2475 2267 extra

353 2322 592 2360 omnem
630 2299 1014 2359 dubitationis
1049 2298 1238 2359 aleam
1264 2301 1541 2381 positum.

435 2398 533 2457 72.
579 2398 737 2457 Licet
776 2397 937 2456 enim
972 2418 1176 2456 omnes
1209 2397 1440 2479 AEgypti
1487 2396 1812 2458 sacerdotes
1843 2399 1965 2460 sive
2002 2399 2289 2482 sapientes
2322 2444 2338 2473 ,
2379 2402 2479 2457 In-

353 2494 565 2554 dorum
621 2494 1149 2576 gymnosophistae,
1224 2495 1536 2552 Persarum
1594 2495 1747 2574 magi
1778 2541 1794 2568 ,
1855 2497 2039 2555 Graeci
2107 2516 2170 2553 ac
2231 2495 2479 2553 Romani

351 2591 687 2674 philosophi
714 2591 1012 2673 sapientiae
1053 2590 1422 2662 studuerint,
1462 2589 1686 2649 scholas
1722 2602 1896 2673 atque
1937 2591 2259 2651 academias
2293 2591 2478 2649 insti-

354 2689 611 2764 tuerint,
650 2697 833 2746 sectas
868 2687 1355 2761 informaverint,
1398 2697 1457 2745 et
1493 2685 1732 2767 quidem
1769 2709 1872 2769 per
1902 2688 2145 2767 longum
2181 2709 2470 2746 annorum

353 2795 412 2843 et
441 2783 783 2845 saeculorum
807 2785 1097 2866 spatium,
1126 2794 1352 2843 certum
1379 2794 1580 2841 tamen
1614 2795 1702 2843 est
1722 2830 1737 2858 ,
1771 2784 1927 2866 ipsos
1953 2785 2206 2866 impares
2235 2783 2476 2842 omnino

354 2880 529 2938 fuisse
560 2880 794 2961 populis
838 2881 914 2940 ad
959 2881 1080 2940 veri
1120 2879 1378 2938 numinis
1418 2880 1643 2938 cultum
1686 2901 1749 2938 ac
1786 2881 2050 2940 veritatis
2086 2879 2479 2959 cognitionem

342 2974 754 3047 adducendisz,
794 2975 971 3058 idque
1001 2998 1070 3035 ex
1099 2976 1315 3057 triplici
1343 2975 1479 3057 ipsis
1508 2976 1833 3036 inhaerente
1862 2976 2111 3036 defectU.
2139 2977 2222 3034 Ex
2251 2974 2481 3033 defectu

355 3093 574 3154 nempe
608 3077 902 3144 unitatis,
942 3094 1015 3131 ex
1051 3071 1283 3131 defectu
1308 3077 1689 3133 auctoritatis
1703 3118 1726 3146 ,
1761 3095 1832 3134 ex
1861 3073 2092 3132 defectu
2128 3076 2477 3131 sanctionis,

437 3167 537 3225 73.
586 3169 664 3227 Ac
698 3168 890 3249 primo
925 3167 1163 3249 quidem
1192 3189 1261 3227 ex
1293 3168 1524 3227 defectu
1555 3174 1811 3228 unitatis
1829 3194 1847 3235 ;
1886 3190 2069 3250 quum
2105 3189 2338 3249 semper
2360 3190 2482 3226 non

358 3262 547 3322 solum
584 3263 799 3323 scholae
821 3308 837 3338 ,
889 3274 1058 3322 sectae
1098 3274 1158 3323 et
1194 3263 1536 3338 academiae,
1589 3264 1693 3325 sed
1730 3276 1790 3324 et
1825 3264 2158 3346 philosophi
2198 3263 2410 3343 singuli
2450 3284 2481 3320 a

358 3379 420 3418 se
455 3359 708 3420 invicem
751 3359 1135 3441 discreparint
1167 3359 1228 3417 in
1267 3359 1568 3419 tradendis
1606 3361 1899 3441 religionis
1943 3382 2007 3419 ac
2041 3382 2271 3419 morum
2309 3357 2482 3416 insti-

360 3454 707 3514 tutionibuS.
738 3454 908 3528 Quod
936 3455 1095 3514 enim
1119 3454 1315 3514 schola
1353 3478 1467 3514 una
1488 3502 1504 3530 ,
1534 3456 1830 3515 academia
1856 3467 1957 3514 aut
1981 3467 2133 3515 secta
2156 3451 2478 3537 probabat,

365 3549 437 3607 ab
469 3549 593 3610 aliis
633 3550 1090 3633 impugnabatur
1116 3598 1131 3626 ,
1173 3573 1279 3610 nec
1314 3573 1446 3610 raro
1474 3551 1739 3633 discipuli
1773 3553 1835 3610 in
1876 3553 2178 3633 magistros
2218 3551 2481 3627 insurge·

367 3643 551 3722 bant,
596 3646 738 3707 adeo
780 3659 846 3706 ut
883 3669 1085 3707 omnes
1117 3646 1503 3729 philosophiae
1538 3646 1770 3729 epochae
1810 3649 1871 3706 in
1903 3647 2329 3729 scepticismum
2377 3642 2480 3701 de*
