2554 4140
286 125 406 187 376

283 294 394 338 bilia
421 294 694 345 efficiantur;
728 291 835 335 solis
868 293 1021 349 itaque
1058 295 1309 349 miraculis,
1344 301 1502 352 utpote*
1529 300 1800 344 testimoniis
1843 301 1990 357 ipsius
2023 304 2126 356 Dei,
2171 303 2249 360 qui
2276 321 2420 367 neque

286 374 460 413 errare,
489 373 633 415 neque
673 360 870 416 decipere
902 365 1049 417 potest
1069 393 1082 416 ,
1111 363 1343 408 sufficienti
1381 366 1675 412 credibilitate
1711 370 2010 412 illustrantur.
2047 372 2243 426 Duplicis
2276 382 2422 421 autem

284 430 456 486 generis
499 442 594 472 esse
633 434 802 485 queunt
840 431 1054 474 miracula
1083 445 1094 473 :
1126 433 1197 475 vel
1225 435 1453 478 exteriora
1481 448 1636 492 nempe
1666 440 1710 480 et
1744 438 1946 480 sensibus
1982 439 2215 484 manifesta
2235 474 2247 493 ,
2292 453 2424 498 prout

284 502 353 542 est
381 498 649 541 illuminatio
685 511 899 541 coecorum
935 503 979 543 et
1015 504 1289 544 mortuorum
1324 505 1625 557 resuscitatio,
1658 510 1703 548 et
1733 506 1814 549 hoc
1838 507 2046 561 intelligit
2078 511 2119 551 S.
2154 513 2426 565 Augustinus

282 568 367 611 sub
396 568 636 610 universali
679 569 852 610 nomine
895 570 1095 611 miraculi
1126 571 1170 612 in
1200 572 1340 624 primo
1372 574 1565 616 membro
1597 587 1682 617 suae
1712 574 2044 631 disjunctionis;
2070 578 2138 620 vel
2172 579 2397 625 interiora
2421 614 2433 632 ,

282 631 497 680 movendo
526 636 694 679 scilicet
719 637 995 680 intellectum
1013 642 1057 681 et
1072 638 1343 681 voluntatem
1374 641 1429 682 ad
1457 641 1498 682 id
1517 674 1528 692 ,
1551 642 1667 696 quod
1687 655 1764 697 per
1780 647 1983 686 naturam
2000 643 2113 687 foret
2134 647 2427 703 impossibiie,

216 720 220 724 ·
284 709 330 749 et
353 706 433 749 hoc
466 709 533 748 est
564 706 828 748 miraculum
856 707 967 749 illud
994 707 1267 758 mirabilius,
1297 710 1415 763 quod
1458 714 1715 753 eventurum
1749 713 1882 755 fuisse
1912 711 1937 754 a
1964 715 2005 755 S.
2036 717 2278 768 Augustino
2311 718 2430 761 affir-

282 779 454 827 matur,
481 775 519 817 si
546 775 665 817 orbis
691 778 812 817 totus
831 776 997 829 absque
1020 776 1231 818 miraculo
1250 768 1410 830 prioris
1426 780 1597 831 generis
1614 780 1667 820 ad
1685 781 1813 823 fidem
1830 781 1993 823 Christi
2008 781 2166 825 fuisset
2181 796 2428 829 conversus.

282 843 332 886 Id
357 847 506 886 autem
529 844 629 899 jure
660 845 816 886 merito
852 843 1070 894 affirmat;
1103 844 1262 886 borum
1288 845 1405 886 enim
1431 848 1749 890 miraculorum
1783 851 2063 904 praestantius
2102 851 2333 896 dicendum
2363 858 2430 898 est

281 912 414 963 illud,
446 912 490 954 in
513 926 600 968 quo
622 916 737 956 Deus
764 912 995 954 nobilioris
1018 915 1185 955 naturae
1216 911 1441 955 dominum
1472 915 1724 959 absolutum
1753 931 1798 961 se
1821 920 2033 970 ostendit;
2054 925 2213 963 natura
2232 934 2333 964 vero
2360 924 2432 965 in-

280 980 548 1027 tellectualis
576 982 792 1037 corporali
822 985 988 1023 naturae
1012 982 1189 1023 omnino
1218 985 1419 1036 praestat;
1440 984 1585 1025 minus
1611 986 1746 1039 igitur
1763 989 2023 1031 miraculum
2055 992 2139 1032 erit
2169 995 2431 1035 excoecatum

283 1053 461 1095 oculum
489 1051 545 1094 ad
574 1051 765 1106 pristinae
790 1050 970 1092 visionis
998 1052 1186 1101 statum,
1204 1050 1273 1093 vel
1294 1050 1490 1093 defuncti
1520 1054 1716 1106 corporis
1733 1055 1869 1099 vitam
1892 1062 2111 1110 revocare,
2142 1074 2273 1115 quam
2295 1062 2430 1105 intel-

280 1123 444 1165 lectum
475 1123 519 1163 in
549 1124 673 1164 actus
705 1120 972 1174 operationis
997 1132 1084 1162 suae
1121 1121 1339 1163 naturalis
1376 1121 1555 1163 modum
1585 1123 1861 1176 excedentes,
1894 1129 2116 1172 extollere.
2149 1133 2205 1174 At
2237 1133 2430 1185 profecto

280 1191 328 1233 id
364 1191 605 1239 evenisset,
640 1189 677 1231 si
711 1189 912 1230 homines
948 1189 1106 1244 utique
1140 1189 1487 1234 innumerabiles
1517 1194 1562 1233 et
1597 1192 1915 1247 sapientissimi
1949 1195 2117 1250 absque
2151 1202 2428 1242 externorum

280 1259 593 1302 miraculorum
630 1260 888 1312 argumento
936 1258 991 1300 iis
1025 1259 1246 1315 mysteriis
1286 1259 1417 1303 fidem
1464 1262 1805 1315 praestitissent,
1842 1276 1936 1318 quae
1971 1260 2143 1307 omnem
2183 1270 2431 1312 naturalem

281 1329 573 1382 cognitionem
603 1330 695 1369 tam
739 1327 865 1381 longe
905 1330 1199 1382 exsuperant,
1229 1329 1471 1383 praesertim
1506 1342 1603 1372 cum
1643 1330 1747 1373 huic
1779 1331 1878 1374 fidei
1923 1333 2168 1376 obstitisset
2209 1338 2434 1390 appetitus

279 1398 490 1449 inferior,
526 1398 603 1453 qui
631 1397 677 1438 in
715 1395 969 1452 hujusmodi
1013 1396 1318 1440 credulitatem
1347 1410 1436 1441 non
1471 1411 1626 1453 parum
1661 1400 1835 1451 influit;
1871 1400 1977 1457 fides
2010 1403 2126 1444 enim
2175 1414 2325 1447 omnes
2357 1405 2435 1460 qui

281 1467 544 1518 credebant,
575 1470 625 1508 ut
645 1478 690 1507 se
720 1466 838 1520 ipsos
857 1469 1084 1520 tamquam
1106 1471 1311 1511 nocentes
1331 1479 1380 1510 ac
1402 1467 1604 1522 supplicii
1619 1469 1767 1511 aeterni
1790 1482 1888 1512 reos
1916 1470 2211 1524 damnarent,
2226 1473 2429 1528 cogebat,

278 1537 365 1579 nisi
388 1535 694 1579 valedixissent
721 1534 1050 1589 voluptatibus,
1084 1535 1129 1577 in
1159 1548 1270 1590 quas
1289 1537 1532 1578 communis
1554 1549 1709 1579 sensus
1729 1540 1773 1579 et
1802 1542 2007 1594 corrupta
2046 1543 2205 1583 natura
2234 1542 2431 1585 homines

280 1620 435 1663 rapere
468 1607 594 1649 solet.
616 1606 910 1648 Nihilominus
937 1607 1144 1649 veritates
1173 1607 1274 1650 fidei
1303 1612 1394 1650 tam
1422 1607 1511 1651 a'lte
1539 1609 1675 1651 infixae
1709 1614 1814 1652 sunt
1847 1611 1893 1652 in
1934 1611 2139 1655 cordibus
2166 1626 2344 1665 eorum,
2380 1618 2431 1658 ut

281 1689 361 1720 nec
379 1676 432 1719 de
468 1676 568 1718 aliis
598 1675 730 1718 rebus
756 1675 1000 1718 scriberent
1018 1708 1030 1726 ‚
1058 1688 1137 1719 nec
1164 1677 1264 1718 aliis
1297 1677 1572 1720 intellectum
1608 1678 1806 1721 cibarent
1824 1712 1836 1731 ,
1870 1692 1948 1722 nec
1982 1694 2084 1735 erga
2112 1682 2222 1724 alias
2251 1681 2432 1726 affectus

281 1740 621 1788 inflammarent.
651 1747 734 1787 Pro
762 1743 846 1787 fide
876 1744 1040 1787 tuenda
1068 1745 1267 1787 homines
1297 1746 1476 1800 quidam
1512 1748 1825 1801 sapientissimi
1857 1752 2045 1792 mortem
2081 1751 2282 1802 subiere,
2317 1753 2431 1794 inter

283 1827 393 1869 quos
425 1817 466 1857 S.
490 1815 719 1864 Justinus‚
752 1816 793 1855 S.
824 1816 1012 1856 Irenaeus
1039 1818 1083 1856 et
1102 1817 1143 1856 S.
1175 1814 1442 1871 Cyprianus3
1466 1815 1544 1857 alii
1573 1816 1816 1859 honoribus
1846 1818 2239 1873 voluptatibusque
2270 1831 2431 1862 renun-

282 1884 484 1934 ciarunt,
520 1886 570 1924 ut
602 1886 644 1925 S.
684 1882 928 1933 Paulinus;
978 1883 1080 1934 alii,
1116 1883 1214 1926 vitae
1260 1886 1445 1926 austerae
1480 1884 1696 1926 exercitiis
1742 1897 1787 1927 se
1830 1885 2044 1937 dedituri,
2090 1888 2227 1930 eremi
2266 1890 2433 1930 secreta

282 1954 534 2008 petierunt,
556 1956 608 1994 ut
628 1955 670 1995 S.
701 1953 993 2008 Hieronymus
1024 1955 1068 1995 et
1096 1953 1330 2004 Arsenius;
1365 1953 1440 1995 alii
1457 1965 1667 1996 sensuum
1696 1953 2033 2006 delectationes,
2060 1957 2107 1997 in
2125 1956 2287 2011 quibus
2305 1959 2434 1999 antea

279 2023 611 2067 velutimmersi
626 2023 831 2077 jacebant
847 2053 859 2074 ,
876 2021 946 2064 vel
974 2034 1146 2064 omnem
1176 2021 1426 2064 litterarum
1450 2021 1732 2077 profanarum
1758 2021 2055 2078 disciplinam,
2079 2024 2123 2065 in
2141 2036 2228 2079 qua
2246 2025 2432 2067 maxime

281 2093 515 2143 valebant,
544 2105 724 2148 prorsus
753 2091 1071 2147 repudiarunt,
1107 2094 1158 2133 ut
1187 2094 1227 2133 S.
1245 2093 1533 2146 Augustinus.
1562 2095 1721 2134 Verum
1739 2124 1750 2143 ,
1778 2096 1829 2134 ut
1858 2078 1986 2147 plura
2017 2093 2157 2139 dicam
2187 2106 2274 2136 uno
2303 2094 2434 2136 verbo

283 2174 416 2217 quam
451 2161 684 2216 plurimis,
719 2173 1060 2204 commemorare
1094 2159 1311 2211 sufficiat,
1345 2161 1450 2203 huic
1491 2160 1619 2212 fidei,
1647 2161 1772 2203 nulla
1803 2162 1844 2204 vi
1880 2162 2107 2214 adhibita,
2157 2162 2233 2205 sed
2280 2166 2433 2217 sponte

283 2231 514 2274 adhaesisse
565 2234 710 2273 totum
759 2242 988 2272 romanum
1034 2230 1299 2285 Imperium,
1336 2230 1380 2272 in
1417 2243 1504 2284 quo
1536 2231 1732 2274 invenire
1761 2235 1856 2273 erat
1892 2232 2110 2279 homineS,
2143 2232 2220 2286 qui
2251 2232 2434 2275 maxime

281 2300 455 2354 ingenio
480 2303 523 2342 et
551 2300 744 2342 humana
776 2300 991 2354 sapientia
1007 2299 1249 2350 florebant,
1272 2300 1475 2353 quamvis
1491 2302 1619 2340 antea
1645 2300 1951 2354 opinionibus,
1970 2300 2118 2353 quoad
2135 2300 2404 2344 intellectum
2420 2332 2432 2352 ‚

283 2371 328 2410 et
357 2368 587 2411 affectibus
617 2368 763 2423 quoad
790 2368 1090 2419 voluntatem,
1121 2367 1223 2410 fidei
1250 2367 1426 2408 omnino
1455 2368 1690 2410 contrariis
1722 2365 1930 2410 con'tinuo
1952 2368 2252 2411 adhaesissent.

338 2481 441 2533 Pag.
462 2480 564 2529 241,
588 2481 667 2519 not
685 2480 707 2519 1
726 2508 738 2529 ‚
760 2490 810 2519 ex
838 2477 903 2519 Cl.
936 2477 1135 2519 Manzoni
1155 2489 1286 2532 opere
1305 2508 1318 2528 ,
1348 2477 1418 2519 cui
1448 2477 1593 2518 titulis
1617 2491 1626 2519 :
1658 2481 1723 2521 De
1738 2479 1963 2522 Doctrina
1987 2478 2155 2522 morali
2181 2479 2430 2523 catholica:

339 2590 583 2634 Diversitas
605 2590 694 2631 haec
728 2589 795 2632 vel
829 2588 979 2643 potius
1005 2586 1195 2629 latitudo
1225 2586 1556 2641 significationis
1579 2588 1792 2642 praecipue
1825 2588 2044 2642 reperitur
2063 2589 2107 2629 in
2133 2589 2357 2632 vocabuliS
2377 2588 2431 2631 ad

285 2660 472 2703 morales
522 2658 830 2713 dispositiones
875 2654 1177 2712 exprimendas
1211 2657 1406 2698 usitatis.
1451 2659 1656 2698 Attamen
1699 2660 1866 2699 certum
1904 2660 1970 2700 est
1987 2691 1997 2708 ,
2037 2657 2236 2699 homines
2281 2660 2433 2700 mutua

284 2728 402 2771 dicta
430 2728 702 2782 intelligere,
725 2727 761 2768 si
784 2739 867 2769 non
902 2730 1130 2778 accurate,
1154 2725 1499 2780 approximative
1530 2724 1687 2767 saltem
1709 2757 1720 2777 ,
1753 2725 1926 2780 quando
1960 2726 2015 2767 iis
2044 2725 2268 2768 vocabulis
2295 2729 2433 2767 utun-

283 2802 388 2849 tur,
420 2797 491 2840 vel
520 2809 570 2838 ea
599 2795 807 2846 audiunt;
838 2796 926 2837 imo
954 2807 1007 2837 ne
1037 2794 1263 2849 disputare
1294 2793 1473 2848 quidem
1506 2797 1712 2848 possent,
1754 2794 1839 2836 nisi
1873 2794 1973 2850 plus
2007 2796 2203 2836 minusve
2248 2807 2292 2837 se
2335 2808 2434 2837 mu-

284 2871 363 2910 tuo
393 2864 721 2920 intelligerent,
745 2868 790 2907 et
809 2865 1020 2916 similem,
1049 2877 1099 2906 ex
1125 2863 1276 2918 aliqua
1293 2862 1448 2905 saltem
1472 2866 1615 2917 parte,
1636 2863 1882 2913 vocabulis,
1901 2862 1953 2905 de
1970 2863 2131 2918 quibus
2147 2867 2216 2904 est
2231 2863 2430 2917 quaestio,

285 2937 650 2991 significationem
667 2936 928 2978 tribuerent.
944 2937 1220 2990 Quapropter
1235 2934 1342 2975 dixit
1358 2937 1509 2976 auctor
1526 2933 1722 2989 quidam,
1741 2934 1886 2976 nullas
1903 2935 2005 2976 oriri
2021 2934 2072 2976 de
2092 2947 2208 2976 mero
2224 2933 2432 2977 vocabulo

285 3004 631 3061 disputationes,
663 3017 760 3047 cum
792 3017 943 3046 omnes
987 3003 1230 3046 necessario
1260 3004 1374 3047 circa
1410 3003 1530 3045 ideas
1569 3006 1816 3045 versentur.
1852 3005 1908 3045 Et
1942 3016 2091 3046 revera
2141 3002 2308 3044 dictum
2352 3001 2431 3044 hoc

286 3075 627 3130 explicabimus,
656 3074 694 3115 si
724 3073 954 3116 observare
987 3073 1173 3115 velimus
1203 3072 1247 3113 in
1277 3071 1464 3125 singulis
1486 3071 1711 3114 vocabulis
1730 3103 1739 3121 ,
1762 3072 1924 3126 quibus
1944 3072 2047 3114 ideae
2080 3071 2266 3113 morales
2298 3070 2434 3124 expri-

287 3147 469 3187 muntur
487 3143 629 3200 (quod
648 3147 688 3186 et
704 3143 755 3186 de
779 3143 933 3186 ceteris
953 3141 1045 3185 dic-e:
1061 3141 1209 3195 debet)
1225 3173 1235 3189 ,
1252 3141 1394 3183 inesse
1411 3139 1553 3185 ideam
1572 3140 1954 3195 praedominantem
1979 3143 2022 3182 et
2043 3140 2431 3194 generalissimam,

286 3227 381 3270 quae
415 3214 470 3256 ab
503 3213 709 3255 omnibus
731 3212 857 3255 facile
877 3213 1155 3267 agnoscitur,
1187 3212 1388 3266 quamvis
1420 3212 1565 3253 varias
1597 3211 1801 3262 omnino,
1835 3214 1878 3253 et
1893 3212 2017 3266 juxta
2038 3211 2180 3252 varias
2208 3209 2434 3252 hominum

286 3283 482 3334 indoles,
521 3281 773 3324 indefinitas
801 3282 959 3325 subeat
998 3280 1369 3329 modificationes3
1404 3280 1503 3323 idea
1529 3283 1677 3322 autem
1711 3279 1799 3323 baec
1826 3282 2043 3336 praecipua
2071 3280 2277 3322 continuo
2301 3289 2437 3333 appa-

289 3356 377 3405 ret,
409 3355 455 3394 et
479 3351 751 3407 complexum
771 3352 993 3399 idearum.
1013 3355 1063 3394 ut
1091 3351 1154 3393 ita
1184 3350 1366 3406 loquar,
1391 3362 1523 3406 quem
1540 3348 1752 3394 vocabulo
1778 3349 1853 3393 illo
1874 3349 2119 3405 significare
2141 3347 2432 3397 intendimus,

288 3422 469 3464 omnino
500 3420 626 3475 regit.
