2554 4140
356 127 472 187 306
993 147 1061 184 nu
1106 147 1252 184 vana
1295 147 1414 186 um..
1460 128 1594 188 ΑΠ’.
1644 153 1847 190 aaran.

354 315 422 354 eo
455 290 758 352 devenisse
780 334 796 363 ,
837 299 905 347 ut
928 287 1121 348 dicere
1157 311 1280 349 non
1319 289 1697 368 erubuerint,
1739 293 2027 354 Joannem
2064 297 2383 378 Baptistam
2417 311 2476 358 et

352 388 650 450 Christum
688 386 895 444 Jesum
933 383 1125 445 Foedus
1166 385 1322 447 inter
1373 409 1434 447 se
1484 386 1716 462 iniisse,
1768 399 1836 447 ut
1874 388 2024 450 alter
2064 391 2470 470 Praecursori8‚

348 483 497 542 alter
518 479 741 540 Messiae
765 501 1079 561 personam
1100 481 1412 543 sustineret
1436 483 1557 562 (l),
1581 494 1642 543 et
1663 483 1760 543 alii
1785 484 2126 566 scripserint
2152 487 2473 569 apologiam

348 576 517 638 Judae
552 576 836 635 Iscariotis
861 575 974 657 (2).

427 673 572 732 227.
619 671 820 731 Libros
867 671 988 732 fere
1030 689 1234 732 omnes
1256 717 1271 748 ‚
1303 673 1425 735 sive
1473 674 1683 734 veteris
1724 675 1848 736 sive
1886 675 2028 740 novi
2066 675 2300 736 foederis
2325 722 2341 752 a
2379 679 2474 739 vel

348 791 587 852 prorsus
623 772 953 847 rejecerunt
980 813 997 840 ,
1050 768 1145 830 vel
1189 768 1533 830 eorumdem
1581 771 2091 831 authenticitatem
2126 773 2190 831 in
2231 772 2476 834 dubium

347 876 714 928 revocarunt.
740 864 871 943 Quo
895 864 1269 947 potissimum
1299 876 1565 948 tempore
1599 868 2116 927 Protestantismus
2145 867 2254 928 sibi
2279 868 2476 930 Eccle-

344 963 443 1023 siae
469 961 816 1042 evangelicae
841 960 1082 1019 titulum
1099 960 1347 1021 adscivit
1365 1006 1381 1036 ,
1413 973 1478 1020 ut
1502 960 1775 1024 observat
1801 964 2130 1041 Reinhard‚
2159 965 2475 1049 Scripturae

342 1069 403 1118 et
433 1056 728 1139 Evangelii
761 1056 1171 1115 auctoritatem
1192 1054 1461 1138 plerique
1493 1077 1566 1115 ex
1605 1059 2071 1118 protestantibus
2106 1060 2470 1140 rejiciebant.

342 1157 504 1230 Inter
555 1152 734 1211 libros
774 1151 995 1211 Veteris
1046 1151 1407 1210 Testamenti
1455 1153 1708 1213 maxime
1751 1155 2146 1216 Pentateucho
2196 1157 2472 1217 historica

340 1247 706 1327 abjudicatur
733 1247 1086 1320 auctoritas3
1125 1267 1264 1306 eum
1293 1246 1533 1308 Davidis
1562 1258 1663 1307 aut
1691 1246 2016 1312 Salomonis
2040 1263 2211 1312 aetate
2244 1254 2476 1314 confec-

338 1358 467 1405 tum
489 1355 759 1403 asserunt
790 1344 965 1402 Vater
998 1353 1177 1424 atque
1210 1343 1494 1402 Gesenius
1523 1389 1540 1419 ‚
1582 1355 1894 1426 tamquam
1917 1367 2057 1428 epos
2089 1346 2416 1408 declaratur
2442 1371 2474 1408 a

339 1441 412 1502 de
447 1443 663 1502 Wette.
701 1440 848 1516 Alii,
896 1450 959 1498 ut
993 1439 1175 1500 Fulda
1209 1449 1270 1499 et
1298 1439 1637 1520 Nachtigal,
1680 1441 2024 1502 universum
2062 1443 2238 1501 Vetus
2274 1444 2474 1503 Testa-

339 1549 609 1597 mentum
648 1536 830 1595 serius
869 1546 1065 1596 ortum
1106 1545 1308 1617 aperte
1350 1537 1766 1618 pronunciant.
1821 1537 1988 1597 Idem
2025 1539 2270 1619 contigit
2311 1539 2475 1600 libris

337 1636 489 1694 Novi
518 1631 917 1705 Testamentit,
956 1630 1252 1690 Eichhorn
1277 1633 1475 1691 omnia
1509 1632 1820 1713 Evangelia
1859 1633 2178 1694 tardiorem
2206 1634 2475 1697 habuisse

338 1730 623 1809 originem
658 1726 1000 1792 contendit:
1045 1726 1256 1809 Vogel,
1306 1728 1486 1787 Horst
1512 1774 1529 1803 .,
1584 1727 1981 1807 Ballenstedt‚
2027 1731 2475 1792 Bretschneider

339 1827 721 1908 Evangelium
762 1826 1008 1886 Joannis
1037 1825 1361 1906 genuinum
1393 1846 1517 1885 esse
1543 1837 1763 1906 negant
1783 1870 1800 1902 ‚
1832 1827 1952 1886 imo
1984 1849 2129 1910 opus
2169 1827 2469 1906 cujusdam

336 1926 600 1986 Gnostici
633 1923 783 1983 illud
812 1946 938 1985 esse
966 1934 1277 1983 autumant
1302 1923 1411 2006 (3).
1441 1923 1970 2002 Schleiermacher‚
2002 1926 2280 1984 Borussiae
2307 1927 2474 2006 Regis

335 2023 747 2096 concionator,
779 2093 782 2097 Δ
810 2021 1064 2103 primam
1106 2019 1426 2103 Epistolam
1460 2019 1554 2094 ad>
1575 2020 1951 2080 Timotheum
1985 2020 2260 2103 Apostolo
2298 2021 2473 2081 Paulo

333 2119 665 2198 abjudicat,
713 2117 1008 2177 Eichhorn
1048 2128 1362 2200 utramque
1401 2116 1624 2196 rejicit,
1666 2138 1732 2177 ac
1766 2116 1930 2176 illam
1977 2129 2254 2200 praeterea
2295 2139 2472 2200 quam

333 2216 548 2275 Paulus
601 2214 677 2274 ad
726 2215 924 2273 Titum
970 2213 1224 2296 scripsit.
1279 2215 1459 2273 Juxta
1511 2211 1673 2273 hunc
1732 2225 2031 2274 auctorem
2090 2213 2470 2296 Apocalypsis

336 2333 457 2369 non
488 2322 578 2370 est
611 2311 726 2369 nisi
749 2309 953 2369 drama
979 2355 995 2385 ‚
1030 2309 1094 2367 in
1132 2331 1248 2392 quo
1277 2308 1568 2372 excidium
1597 2308 1893 2369 Judai‘smi
1927 2320 2103 2393 atque
2130 2309 2474 2370 Ethnicismi

336 2406 714 2489 exprimitur3
750 2404 974 2466 Semler
1013 2406 1177 2487 prius
1216 2403 1483 2465 eamdem
1518 2408 1802 2484 rejecerat
1833 2405 2015 2469 veluti
2043 2406 2290 2466 furentis
2329 2426 2470 2465 auc-

336 2505 477 2563 toris
516 2500 754 2563 librum.
800 2502 932 2561 Tria
968 2502 1170 2583 priora
1215 2499 1561 2581 Evangelia,
1604 2501 1864 2561 Matthaei
1898 2523 2149 2584 nempe,
2202 2502 2379 2562 Marci
2411 2513 2471 2562 et

403 2753 472 2821 (1)
512 2753 579 2801 Ita
593 2750 785 2811 Becker,
808 2747 1047 2798 Historiae
1072 2749 1367 2799 universalis
1448 2749 1637 2811 daeum3
1662 2750 1774 2799 alibi
1794 2768 1905 2800 eum
1938 2760 1992 2801 ut
2025 2753 2338 2804 enthusiasten
2376 2761 2471 2805 tra-

334 2836 399 2885 ad
439 2852 585 2884 usum
617 2834 901 2901 juventutis
928 2870 944 2895 ,
986 2833 1080 2882 vol.
1138 2848 1228 2894 111,
1280 2833 1365 2883 ubi
1449 2833 1610 2895 ducit,
1642 2833 1728 2882 lib.
1753 2850 1799 2882 ιν
1821 2871 1836 2894 ,
1865 2852 1967 2900 pag.
2001 2834 2100 2886 335
2124 2846 2167 2886 et
2199 2834 2317 2888 355.

334 2919 574 2969 Christum
612 2917 872 2966 Dominum
923 2925 968 2965 et
1009 2915 1151 2966 Joan.
1184 2915 1363 2983 Baptis-
1519 2915 2466 2986 (2)Editaestapraedicatoreevangelico,

334 3012 430 3051 tam
461 3000 589 3050 velut
615 2999 903 3049 ferventioris
941 3000 1116 3063 ingenii
1146 2997 1364 3049 homines
1448 3000 1530 3065 qui
1563 2998 1733 3048 nititur
1772 2998 2013 3049 Christum
2055 3018 2270 3052 accusare
2290 3040 2303 3064 ,
2342 3003 2469 3070 quod

336 3083 709 3149 (Fenerkoepfe)
744 3082 946 3131 traducit
973 3120 986 3142 ‚
1020 3083 1103 3149 qui
1131 3082 1191 3131 ad
1219 3099 1360 3133 excu-
1447 3081 1536 3131 sibi
1577 3084 1757 3131 socium
1803 3082 2049 3132 adsciverit
2085 3083 2256 3133 Judam
2286 3123 2301 3144 ‚
2342 3086 2469 3135 hunc

336 3167 728 3233 tiendumjugum
757 3165 1049 3215 sacerdotum
1069 3165 1358 3232 judaeorum,
1446 3180 1553 3215 vero
1580 3164 1642 3215 ab
1667 3167 1796 3214 omni
1820 3165 2002 3215 macula
2024 3185 2215 3233 purgare
2238 3185 2331 3217 suae
2359 3186 2468 3234 pro-

337 3267 538 3318 quorum
565 3248 913 3298 detestabantur
932 3247 1198 3314 superbiam
1217 3258 1262 3298 et
1279 3248 1363 3315 hy·
1444 3249 1652 3298 ditionis.
1676 3246 1819 3297 Cous.
1842 3248 2164 3298 CorrectIones
2177 3267 2271 3317 pro
2295 3253 2468 3300 amicis

334 3334 688 3399 pocrisin‚post
704 3330 864 3398 longas
880 3329 1239 3380 deliberationes
1255 3348 1362 3381 con·
1444 3340 1491 3377 et
1535 3330 1753 3378 inimicis
1794 3330 2139 3393 catholicismi,
2163 3350 2190 3381 a
2230 3331 2370 3382 Joan.
2406 3332 2463 3381 B.

335 3424 563 3466 venerunt
578 3416 699 3463 inter
714 3431 762 3462 se
781 3451 795 3475 ,
821 3423 876 3464 ut
893 3414 1008 3463 alter
1030 3412 1326 3462 Praecursoris
1343 3428 1381 3474 ,‘
1444 3410 1747 3462 Pfeilschifter
1769 3448 1787 3475 ,
1805 3413 1915 3463 edit.
1942 3413 2236 3464 Offenbachii
2266 3414 2325 3465 ad
2347 3414 2463 3463 Μω-

336 3498 451 3549 alter
464 3497 641 3546 Messiae
662 3513 901 3562 personam
916 3506 1120 3562 generet.
1142 3495 1362 3545 Wieland
1442 3511 1559 3543 num
1592 3492 1712 3542 1831
1742 3531 1756 3555 ‚
1790 3513 1895 3561 pag.
1935 3511 1953 3545 1
1971 3493 2030 3545 16
2061 3507 2106 3545 et
2126 3514 2257 3563 seqq.

337 3583 389 3629 in
422 3579 787 3642 Aqathoa'emon
809 3614 824 3639 ‚
852 3579 1054 3628 Berolini
1090 3595 1248 3647 1799,
1282 3597 1363 3627 vo·
1518 3575 1588 3642 (3)
1625 3574 1768 3627 Cons.
1801 3575 1988 3644 Hughes
2015 3577 2170 3630 James
2190 3578 2309 3628 Rose
2331 3613 2347 3643 ,
2382 3595 2461 3643 op.

338 3673 410 3711 cat
448 3663 683 3710 Christum
723 3658 927 3707 nobilem
984 3659 1239 3726 theurqum
1266 3662 1361 3725 ju·
1446 3662 1523 3709 cit.
