2554 4140
319 144 440 203 302
972 167 1039 201 DE
1085 167 1233 205 VERA
1273 166 1391 205 am„
1438 168 1571 209 on.
1607 171 1807 209 aaran.

399 310 539 368 222.
589 309 659 365 Et
705 307 826 365 haec
871 307 946 366 de
988 309 1362 368 varietatibus
1401 323 1693 371 sectarum
1743 316 2196 394 protestantium
2235 320 2298 377 in
2337 342 2440 392 se3

318 404 476 487 quod
497 403 573 462 ad
603 402 932 462 doctrinam
960 404 1172 463 attinet
1191 451 1206 479 7
1238 417 1299 465 et
1323 407 1448 466 haec
1469 454 1482 481 7
1511 429 1582 466 ex
1605 409 1893 490 principio
1919 431 1950 467 a
1978 409 2234 471 Luthero
2256 416 2445 495 posito

318 500 390 558 de
423 498 764 558 omnimoda
803 498 1263 581 independentia
1297 504 1532 583 spiritus
1563 504 1781 584 privati
1807 503 1881 563 ab
1909 505 2167 566 Ecclesiae
2200 511 2445 569 auctori-

317 606 438 654 tate
481 596 543 653 in
586 594 908 654 Bibliorum
943 598 1425 678 interpretatione
1453 645 1468 672 7
1511 621 1641 658 suas
1675 601 2081 660 conversiones
2123 601 2283 662 subit
2331 605 2441 684 (l).

316 692 451 749 Non
496 712 678 773 pauca
727 691 997 771 dogmata
1018 738 1032 766 7
1089 704 1155 751 ut
1206 694 1457 754 vidimus
1480 741 1495 770 7
1548 698 1828 773 rejecerat
1884 696 2171 756 Lutherus
2192 743 2208 772 7
2259 698 2448 759 multo

317 786 487 868 plura
520 791 641 865 ejus
670 786 935 870 discipuli
957 834 972 863 7
1000 788 1189 848 donec
1218 790 1528 868 agentibus
1561 793 1931 872 potissimum
1960 792 2139 851 Gallis
2165 804 2224 852 et
2251 793 2450 874 Anglis

319 883 682 943 naturalistis
713 895 769 943 et
806 883 1219 943 latitudinariis
1248 906 1479 945 necnon
1520 887 1804 946 Friderico
1837 891 1920 962 117
1964 889 2239 948 Borussiae
2276 911 2410 968 rege
2433 936 2448 965 7

320 1001 384 1039 ac
418 980 662 1040 demum
689 979 1057 1062 philosophia
1084 979 1374 1038 Kantiana
1398 1002 1466 1040 eo
1491 980 1815 1043 deventum
1842 995 1928 1043 est
1945 1027 1962 1057 7
1997 995 2063 1042 ut
2098 983 2240 1043 fides
2263 985 2453 1045 omnis

320 1097 385 1135 ac
412 1076 536 1158 ipsa
563 1076 742 1135 etiam
771 1073 990 1154 Religio
1011 1073 1271 1135 revelata
1290 1120 1307 1149 7
1336 1075 1384 1134 si
1406 1088 1606 1135 tamen
1634 1099 1853 1138 nomen
1880 1079 2132 1161 excipias
2152 1125 2167 1154 7
2198 1081 2454 1140 extincta

319 1170 608 1233 videatur.

401 1265 545 1325 223.
595 1264 828 1327 Etenim
858 1285 931 1322 ex
953 1275 1268 1345 systemate
1284 1264 1576 1324 Kantiano
1598 1264 1875 1344 distingui
1896 1265 2074 1326 debet
2099 1266 2297 1348 religio
2313 1291 2453 1332 vera

322 1385 353 1422 a
378 1361 655 1440 religione
686 1382 787 1419 seu
815 1359 929 1419 fide
960 1359 1362 1420 ecclesiastica.
1400 1360 1619 1442 Religio
1650 1383 1785 1423 vera
1822 1373 1910 1420 est
1942 1362 2139 1441 religio
2172 1366 2412 1425 rationis
2433 1412 2449 1441 7

324 1480 455 1541 quae
481 1457 601 1516 sola
627 1456 860 1515 admitti
887 1468 1113 1539 potest3
1155 1456 1299 1516 fides
1325 1456 1704 1516 ecclesiastica
1731 1468 1817 1516 est
1845 1457 1987 1517 fides
2008 1459 2267 1540 praestita
2297 1463 2454 1520 veri-

323 1553 545 1614 tatibus
566 1554 833 1636 positivae
855 1553 1247 1615 revelationis
1271 1553 1492 1633 Religio
1517 1553 1776 1615 revelata
1804 1575 1912 1613 nec
1932 1565 2125 1636 potest
2148 1577 2256 1615 nec
2279 1555 2456 1617 debet

323 1650 486 1712 aliud
521 1671 645 1710 esse
679 1671 856 1731 quam
885 1649 1137 1731 simplex
1166 1649 1501 1710 vehiculum
1532 1648 1607 1708 ad
1635 1649 1855 1709 facilius
1888 1650 2285 1711 invehendam
2303 1653 2455 1722 ,reli-

323 1748 556 1828 gionem
582 1747 855 1822 rationiS‚
887 1767 1066 1827 quam
1093 1745 1206 1804 alio
1234 1746 1475 1804 nomine
1505 1757 1674 1807 vocat
1695 1747 1880 1823 fidem
1899 1748 2265 1826 religiosam,
2294 1754 2455 1828 cujus

326 1843 622 1922 objectum
659 1864 728 1902 ex
761 1843 995 1925 propria
1033 1847 1310 1924 cujusque
1347 1842 1605 1901 hominis
1649 1842 1877 1902 ratione
1917 1844 2042 1902 erui
2074 1853 2283 1925 potest.
2328 1847 2455 1919 Quo

326 1941 529 2023 purior
560 1950 619 1998 et
658 1938 1044 2000 universalior
1084 1939 1159 1997 sit
1197 1937 1339 1998 fides
1377 1938 1500 1998 haec
1527 1938 1789 2018 religiosa
1817 1984 1833 2013 7
1879 1940 2095 1998 sensim
2126 1940 2251 2000 sine
2281 1962 2457 2001 sensu

329 2035 557 2096 deficiet
599 2034 742 2094 fides
785 2033 1183 2095 ecclesiastica.
1232 2036 1384 2093 Hinc
1421 2045 1674 2094 statutus
1717 2055 1906 2093 canon
1944 2035 2019 2093 ad
2065 2037 2444 2117 exponendas

328 2153 516 2192 sacras
541 2132 866 2213 Scripturas
887 2177 903 2206 7
933 2153 1054 2190 non
1074 2130 1234 2190 aliud
1256 2130 1473 2190 scilicet
1496 2130 1560 2189 in
1585 2130 1698 2190 illis
1722 2153 1844 2191 esse
1870 2131 2254 2213 quaerendum
2278 2154 2456 2214 quam

329 2228 515 2287 solam
547 2227 888 2308 religionem
929 2228 1204 2301 rationis3
1251 2227 1473 2309 reliqua
1515 2248 1656 2287 vero
1691 2249 1813 2286 non
1847 2248 1971 2286 esse
2006 2228 2117 2286 nisi
2154 2229 2457 2290 involucra

331 2323 428 2383 vel
456 2324 1028 2383 accommodatitium
1046 2322 1187 2404 quid
1205 2323 1278 2382 ad
1298 2323 1454 2403 vulgi
1477 2323 1813 2404 opinionem
1837 2369 1852 2395 7
1883 2345 2012 2404 quae
2030 2335 2171 2383 tunc
2191 2323 2454 2406 vigebat7

331 2442 514 2501 quum
552 2420 866 2502 Scripturae
905 2419 1078 2478 editae
1122 2430 1288 2495 sunt,
1334 2419 1430 2478 vel
1474 2418 1549 2476 ad
1590 2419 1881 2498 privatam
1926 2418 2122 2478 biblici
2162 2421 2456 2501 scriptoris

330 2516 691 2598 opinionem.
739 2518 917 2575 Juxta
958 2509 1264 2574 Jacobium
1302 2518 1541 2595 ejusque
1572 2512 1813 2572 asseclas
1843 2513 2076 2592 religio,
2110 2514 2355 2595 perinde
2391 2536 2457 2573 ac

332 2613 552 2693 quaevis
583 2611 692 2670 alia
719 2611 957 2669 scientia
988 2608 1386 2691 philosophica
1405 2654 1420 2684 7
1455 2611 1518 2666 in
1555 2608 1809 2667 naturali
1840 2619 1900 2667 et
1932 2608 2271 2667 immediata
2301 2609 2416 2668 fide
2437 2655 2453 2684 7

332 2710 395 2767 in
421 2707 798 2788 perceptione
829 2706 952 2766 veri
975 2718 1034 2764 et
1058 2703 1515 2786 supernaturalis
1538 2702 1755 2785 absque
1773 2702 2116 2784 probatione
2140 2703 2226 2776 id,
2254 2716 2362 2779 est,
2394 2706 2456 2764 in

333 2805 570 2863 scientia
600 2802 873 2862 intuitiva
900 2802 1195 2875 consistit3
1226 2800 1367 2878 alia,
1402 2810 1617 2882 praeter
1639 2801 1791 2858 hanc
1815 2801 2147 2875 internam,
2178 2799 2457 2863 revelatio

332 2922 439 2960 nec
457 2899 577 2958 ulla
593 2900 778 2958 forma
798 2909 1039 2957 externa
1068 2897 1362 2978 religionis
1387 2897 1585 2956 existit
1615 2896 1723 2976 (2).
1762 2898 1888 2970 Quo
1915 2898 2189 2958 convenit
2206 2942 2223 2971 7
2249 2896 2459 2956 saltem

335 3018 406 3056 ex
429 3008 597 3078 parte
617 3041 633 3071 7
658 2996 1031 3074 philosophia
1054 2996 1389 3053 identitatis
1407 3038 1423 3070 7
1448 2994 1677 3053 invecta
1704 3016 1733 3051 a
1761 2992 2053 3072 Schelling
2082 2997 2319 3075 ejusque
2346 2993 2459 3052 dis-

334 3091 525 3174 cipulo
565 3091 733 3150 Daub
758 3137 773 3167 ,
825 3113 933 3150 nec
980 3113 1101 3149 non
1138 3089 1400 3149 doctrina
1443 3089 1519 3149 de
1560 3091 1824 3148 absoluto
1845 3132 1867 3159 ,
1916 3089 2072 3171 quod
2113 3092 2172 3147 in
2214 3089 2452 3148 historia

336 3199 569 3246 tantum
603 3188 690 3246 sui
722 3189 1016 3247 conscium
1047 3186 1154 3266 (id
1192 3199 1315 3261 est,
1351 3183 1698 3268 personale)
1728 3186 1802 3242 sit
1823 3229 1838 3258 7
1883 3196 1941 3243 et
1978 3184 2051 3243 de
2088 3184 2278 3243 reditu
2299 3230 2315 3258 7
2354 3184 2454 3266 qui

335 3282 652 3364 aliquando
685 3286 785 3344 fiet
807 3329 822 3358 7
854 3284 1044 3342 omnis
1071 3284 1322 3364 separati
1347 3281 1421 3341 ad
1451 3280 1822 3341 identitatem
1847 3327 1862 3353 7
1897 3280 2156 3363 adeoque
2188 3279 2262 3339 de
2291 3279 2454 3340 anni·

331 3377 615 3438 hilatione
638 3380 826 3437 omnis
852 3379 1282 3460 personalitatis
1311 3377 1421 3460 (3).

387 3532 466 3595 ⁴(l)
504 3531 616 3597 Qum
667 3530 861 3597 quidem
914 3535 1091 3597 jamdiu
1145 3532 1355 3598 praedicta
1509 3531 1572 3595 (2)
1614 3530 1665 3577 ln
1685 3529 1773 3577 lib.
1801 3528 1872 3578 De
1889 3529 2025 3577 rebus
2047 3529 2247 3577 divinis,

336 3618 519 3665 fuerant
538 3634 564 3664 a
594 3612 788 3663 Bossuet
808 3632 860 3663 ac
887 3614 923 3662 F
926 3617 1093 3664 enelon
1126 3619 1243 3664 inter
1265 3615 1354 3663 Ca·
1510 3611 1580 3676 (3)
1618 3612 1743 3660 Dum
1771 3613 1968 3660 dicimus
1987 3630 2038 3661 ex
2070 3611 2293 3676 principio
2317 3608 2451 3656 iude-

336 3698 617 3759 tholicos‚ac
637 3696 1010 3761 Leibnitio'inter
1029 3697 1350 3746 protestantes.
1439 3695 1697 3758 pendentia}
1739 3697 1924 3760 spiritus
1970 3696 2133 3758 privati
2177 3711 2201 3741 a
2250 3692 2451 3757 legitima
