2554 4140
300 87 380 146 82
959 102 1027 137 ne
1073 101 1222 139 VERA
1267 101 1388 139 nat.
1440 102 1575 139 anv.
1626 103 1797 140 mea..

1151 246 1582 300 PROPOSITIO.

464 378 796 458 Proplietia
835 387 918 435 est
952 380 1357 434 certissimum
1411 377 1642 434 divinoe
1676 396 1754 440 ae
1790 382 2277 456 supernaturalis

937 475 1318 532 revelationis
1360 484 1809 552 arqumentum.

375 683 518 743 205.
553 679 884 763 ¹Prophetia
925 699 1063 739 vere
1097 690 1158 737 et
1198 678 1438 760 proprie
1477 677 1632 736 dicta
1675 700 1800 736 non
1853 689 2050 759 potest
2098 699 2222 738 esse
2256 660 2368 738 nisi
2410 702 2442 739 a

294 784 438 855 De03
461 800 596 859 ergo
620 777 846 859 quoties
863 796 1002 836 vera
1024 772 1280 833 habetur
1294 772 1629 855 prophetia,
1650 775 1820 833 toties
1838 773 2212 835 ineluctabile
2230 774 2441 836 divinae

293 900 357 937 ac
382 872 848 957 supernaturalis
877 869 1254 931 revelationis
1278 880 1522 947 exurget
1545 882 1984 949 argumentum.

371 973 516 1031 206.
566 966 934 1030 Antecedens
976 976 1207 1024 constat
1248 986 1319 1023 ex
1347 966 1626 1039 notione,
1665 987 1844 1047 quam
1882 965 1954 1025 de
1999 966 2308 1049 prophetia
2336 966 2440 1027 de-

291 1070 521 1143 dimus3
557 1054 922 1146 consequens
950 1062 1152 1142 negari
1187 1083 1311 1119 non
1345 1070 1569 1141 potest.

368 1166 512 1224 207.
562 1161 629 1222 Id
661 1161 1046 1220 confirmatur
1078 1179 1148 1217 ex
1188 1156 1458 1216 omnium
1483 1155 1749 1236 gentium
1779 1160 2155 1238 persuasione
2177 1206 2192 1235 7
2220 1162 2343 1222 sive
2370 1183 2442 1220 ex

287 1284 459 1323 sensu
495 1269 722 1318 naturae
747 1254 1070 1315 communi.
1099 1253 1277 1313 Nulla
1305 1254 1466 1312 enim
1492 1275 1633 1333 gens
1671 1265 1792 1327 est,
1830 1277 1961 1336 quae
1987 1278 2109 1315 non
2142 1257 2444 1319 admiserit

284 1358 733 1446 praedictionem
761 1354 945 1431 libere
974 1353 1156 1411 futuri
1188 1351 1431 1430 alicujus
1471 1363 1720 1411 eventus
1755 1351 1921 1412 velut
1949 1352 2323 1415 ineluctabile
2356 1378 2444 1414 ar-

288 1465 641 1537 gumentum
692 1450 1038 1512 divinitatis,
1093 1448 1246 1507 Hine
1293 1458 1611 1529 propterea
1654 1459 1960 1529 receptum
2007 1449 2167 1531 apud
2215 1461 2443 1530 veteres

288 1553 583 1635 sapientes
613 1550 918 1630 adagium,
954 1551 1115 1625 cujus
1150 1545 1424 1606 meminit
1452 1545 1650 1604 Cicero
1677 1545 1767 1626 (l)
1803 1568 1815 1603 ε
1859 1548 2176 1626 Siquidem
2215 1551 2335 1607 ista
2356 1554 2443 1608 sic

287 1655 784 1730 reciffwocanlur,
820 1655 889 1704 ut
914 1655 969 1702 et
995 1647 1051 1703 si
1084 1644 1387 1702 divinatio
1416 1645 1498 1700 sit
1509 1685 1533 1713 ,
1562 1642 1660 1699 dii
1692 1646 1821 1700 sint
1839 1686 1863 1714 ,
1890 1654 1946 1700 et
1969 1647 2025 1701 si
2052 1644 2152 1701 dii
2171 1648 2331 1715 sint,
2363 1649 2444 1703 sit

290 1748 626 1812 divinati'03
669 1742 771 1824 qui
806 1751 1090 1823 praeterea
1120 1737 1286 1797 addit
1318 1759 1332 1796 :
1382 1738 1562 1798 Vetus
1599 1742 1804 1817 opinio
1830 1749 1949 1810 est,
1966 1743 2114 1816 jam
2149 1761 2338 1818 usque
2360 1741 2440 1798 ab

289 1844 544 1902 heroicis
577 1840 761 1898 ducta
792 1837 1204 1916 temporibus,
1240 1855 1427 1912 eaque
1460 1843 1517 1891 et
1540 1835 1767 1913 populi
1800 1856 2044 1893 romani
2081 1846 2137 1893 ec
2167 1839 2441 1895 omnium

282 1943 563 2020 yentium
593 1938 844 2016 firmata
867 1954 1156 1992 consensu
1175 1975 1198 2003 ,
1225 1934 1467 1989 versari
1487 1931 1824 2009 quamdam
1859 1935 2023 1990 inter
2053 1933 2321 1991 homines
2343 1933 2441 1990 di-

288 2040 663 2095 vinationem
686 2077 703 2108 ,
750 2053 939 2111 quam
969 2034 1164 2109 yroeci‘
1187 2035 1425 2104 μαντικὴν
1457 2028 1807 2105 appellant,
1846 2029 1916 2085 id
1944 2039 2060 2100 est,
2081 2032 2439 2108 praesentio—

289 2152 425 2189 nem
453 2140 509 2187 et
542 2131 862 2188 scientiam
894 2145 1105 2183 rerum
1141 2126 1518 2201 futurarum
1552 2121 1666 2200 (2).
1713 2123 1939 2181 Exinde
1971 2125 2294 2205 repetenda
2328 2126 2440 2183 mi-

288 2224 491 2285 racula
510 2270 526 2297 .,
555 2222 839 2304 aruspicia
857 2267 873 2297 ‚
903 2217 1128 2302 sybillae
1148 2263 1164 2292 .,
1198 2238 1302 2275 eeu
1329 2216 1579 2274 totidem
1608 2215 1947 2277 devinitatis
1980 2241 2217 2299 organa„
2249 2222 2438 2279 Poetae

289 2321 400 2403 ipsi
432 2320 652 2402 passim
689 2329 852 2378 vates
896 2314 1182 2375 exhibent
1217 2312 1464 2370 numine
1507 2311 1714 2393 plenos
1754 2325 1813 2372 et
1847 2315 2091 2394 agitatos
2131 2315 2208 2374 ad
2238 2315 2438 2375 futura

290 2414 687 2498 praedicenda.
717 2412 877 2473 Adeo
913 2421 1115 2491 gentes
1154 2429 1359 2467 omnes
1388 2407 1497 2465 hac
1530 2410 1907 2490 persuasione
1939 2410 2184 2472 imbutae
2225 2423 2394 2472 erant
2417 2458 2434 2487 .,

290 2511 724 2574 divinationem
760 2510 883 2569 sive
912 2505 1287 2590 prophetiam
1318 2504 1557 2563 nonnisi
1598 2527 1629 2564 a
1665 2507 1784 2565 Deo
1821 2508 1977 2566 esse!
2015 2510 2183 2588 Ergo.

363 2705 435 2771 (l)
471 2703 553 2752 De
574 2701 837 2751 divin.lib.
861 2718 879 2748 1
901 2738 914 2763 ,
930 2717 1037 2765 cap.
1058 2698 1107 2749 5.
1409 2694 1534 2743 culis
1562 2696 1905 2763 declarantur,
1940 2702 2092 2751 multa
2121 2706 2437 2753 vaticinatio-

369 2787 439 2853 (2)
457 2786 582 2835 lbid.
598 2786 730 2843 lib.1,
751 2803 855 2851 cap.
869 2801 887 2832 1
900 2822 913 2834 .
933 2783 1067 2831 Idem
1086 2782 1197 2828 alias
1211 2776 1322 2826 Bal·
1410 2779 1573 2841 nibus,
1592 2781 1745 2831 multa
1763 2787 1967 2833 somniis
1981 2824 1994 2847 ,
2015 2785 2166 2835 multa
2173 2789 2428 2853 portentis,

294 2871 413 2918 bum
430 2871 717 2917 italocutum
736 2869 878 2917 fuisse
892 2869 1027 2932 fingit
1048 2883 1061 2914 :
1085 2861 1320 2920 Velleius,
1407 2862 1477 2912 De
1493 2876 1592 2915 nat.
1613 2868 1744 2917 deor.
1763 2869 1850 2918 lib.
1873 2884 1926 2930 11,
1946 2869 2140 2937 cap.65‚
2164 2870 2428 2920 edit.Taur-.

292 2952 413 3016 quia
428 2948 562 2998 nihil
577 2957 676 2996 tam
703 2951 879 2999 irridet
901 2948 1159 3014 Epicurus
1180 2959 1325 3009 quam
1409 2963 1518 3011 opp.
1541 2966 1640 2998 xm.
1674 2950 1814 2999 Cons.
1848 2951 1991 3013 Haec,
2017 2951 2239 3002 Demens.
2261 2971 2430 3018 evanq.

287 3031 655 3101 praedictionem
674 3049 835 3081 rerum
848 3034 1134 3099 futurarum
1148 3066 1162 3090 ‚
1197 3029 1327 3078 mihi
1408 3041 1525 3083 tom.
1544 3049 1579 3093 1,
1599 3032 1783 3084 Axiom.
1803 3034 1855 3099 4,
1881 3037 1962 3084 ubi
1984 3039 2098 3085 mira
2127 3036 2388 3086 eruditione
2413 3074 2426 3097 ‚

294 3118 489 3167 videtur
511 3134 657 3181 quam
673 3120 884 3166 maxime
900 3118 1188 3182 confirmare
1211 3115 1319 3163 deo·
1407 3125 1460 3163 ut
1480 3117 1594 3164 solet
1614 3154 1627 3177 ,
1660 3118 1871 3167 adductis
1899 3130 2111 3169 veterum
2129 3123 2223 3169 sive
2240 3118 2429 3169 Groeco-

296 3219 407 3251 rum
431 3202 746 3266 providentia
769 3202 961 3250 consuli
986 3202 1127 3250 rebus
1145 3201 1321 3250 huma-
1404 3218 1507 3247 rum
1524 3203 1619 3250 sive
1644 3202 1918 3251 Latinorum
1950 3207 2225 3253 testimoniis
2253 3242 2267 3265 ‚
2289 3205 2338 3252 id
2354 3204 2429 3252 lu-

297 3289 398 3336 nis.
421 3287 474 3335 E
475 3294 519 3335 ει
536 3286 667 3334 enim
676 3287 890 3353 profecto
919 3287 1192 3349 divinatio,
1213 3304 1321 3352 quoe
1405 3284 1717 3333 culentissime
1765 3288 1952 3334 evincit.
1999 3287 2187 3352 Optime
2219 3297 2425 3352 proterea

297 3359 465 3411 „iuliis
506 3361 623 3431 locis
665 3371 710 3409 et
752 3362 1043 3428 temporibus
1085 3374 1287 3430 apparet
1303 3402 1316 3424 ‚
1404 3375 1448 3413 et
1464 3369 1675 3431 energice
1692 3367 2030 3429 Tertullianus,
2051 3368 2195 3435 Apol.
2219 3386 2321 3432 cap.
2338 3383 2425 3428 20,

297 3454 401 3493 tum
434 3447 492 3493 in
514 3446 726 3510 privatis
755 3445 897 3493 rebus
918 3482 932 3509 ‚
963 3455 1064 3493 tum
1104 3449 1318 3496 maxime
1405 3450 1711 3499 concludebat
1751 3469 1764 3499 :
1819 3450 2062 3501 Idoneum
2099 3453 2423 3501 testimonium

297 3527 590 3594 inpublici&
612 3527 773 3575 Multa
794 3538 1000 3576 cernunt
1016 3529 1312 3595 haruspices,
1401 3530 1681 3582 divinitatis
1714 3536 1891 3584 veritas
1914 3536 2253 3586 divinationis.

300 3610 449 3659 miella
479 3627 687 3675 auqures
710 3610 1000 3676 provident,
1031 3613 1183 3662 multa
1207 3631 1314 3662 ora-
