2554 4140
447 140 566 180 CAP.
611 118 690 178 iv.
739 138 806 175 nr.
848 138 1028 177 Exisr.
1077 113 1191 177 niv.
1241 136 1312 175 Ac
1353 109 1651 176 screnum.
1695 135 1824 174 Rev.

2048 112 2194 202 ἓ135

85 294 140 342 et
156 283 390 341 robusti
410 286 676 361 corporis
700 285 829 339 viri
849 278 1142 359 ejusmodi
1157 281 1544 337 lacerationes
1554 282 1828 357 perferre
1855 288 2188 356 nequeunt,

39 400 42 403 “
83 380 456 449 exclamant,
488 387 543 434 et
574 380 830 456 yemitus
861 375 1050 432 edunt
1075 374 1224 430 victi
1253 364 1480 445 dolore,
1511 379 1701 451 pueri
1731 384 1788 431 et
1822 374 2195 431 mulierculas

84 483 322 530 tortores
377 492 512 531 suos
554 474 727 529 tacite
776 475 1033 528 vincunt
1057 509 1074 541 ,
1121 476 1176 524 et
1224 469 1551 542 exprimere
1593 469 1716 525 illis
1750 471 2044 548 yemitum
2087 490 2195 529 uec

84 571 246 647 iqnis
261 578 466 646 potest.
518 581 523 585 '

167 662 308 721 417.
356 661 422 719 40
461 657 933 741 Splendidissima
968 653 1294 714 identidem
1332 675 1401 713 ac
1437 653 1669 736 publica
1705 656 2056 718 accedebant
2086 660 2193 719 mi-

82 755 276 815 racula
298 801 314 830 ,
340 777 470 837 quae
503 752 848 831 martyrium
880 750 1342 823 Christianorum
1373 748 1805 809 comitabantur
1827 796 1843 820 ,
1869 754 2194 830 cujusmodi

82 862 255 926 sunt,
294 844 1007 919 ferarum>mansuetud0.,
1051 844 1207 906 luces
1248 842 1458 925 quibus
1499 865 1753 902 carceres
1798 845 2190 924 effulgebant,

84 946 274 1004 fontes
305 943 495 1002 subito
531 953 906 1023 erumpentes
931 986 946 1015 7
990 952 1097 1000 etc.
1131 940 1341 1022 quibus
1369 951 1605 1021 stupore
1630 939 2032 1000 afficiebantur
2071 943 2195 1002 eth-

86 1041 204 1099 nici
238 1039 346 1120 ipsi
365 1083 381 1111 ,
409 1059 658 1119 quaeque
697 1038 967 1116 leguntur
990 1037 1206 1117 passim
1222 1035 1285 1093 in
1310 1035 1545 1094 sinceris
1577 1046 1901 1115 martyrum
1928 1037 2066 1095 actis
2088 1083 2104 1112 7
2130 1038 2196 1097 in

82 1133 324 1193 Eusebio
347 1134 467 1214 (l),
511 1134 807 1191 Lactantio
833 1132 922 1211 (2)
942 1177 957 1204 ,
996 1131 1235 1213 aliisque
1264 1129 1684 1212 probatissimis
1712 1130 2044 1203 auctoribus
2075 1132 2185 1212 (3).

160 1229 302 1288 418.
353 1230 418 1287 50
457 1231 698 1287 Fructus
740 1226 1022 1305 ejusmodi
1066 1226 1400 1308 passionum
1444 1225 1552 1284 fuit
1588 1224 1852 1284 mirabile
1900 1225 2193 1306 religionis

78 1324 406 1384 christianae
435 1324 862 1382 incrementum
885 1366 902 1397 ,
941 1327 1101 1399 cujus
1138 1321 1222 1380 rei
1258 1332 1468 1380 testem
1498 1319 1705 1380 damus
1729 1320 2188 1398 Tertullianum,

79 1419 178 1501 qui
223 1419 301 1477 ita
335 1417 606 1500 praesides
643 1416 959 1497 alloquitur
991 1414 1083 1495 (4)
1123 1437 1138 1474 :
1186 1415 1496 1489 Cruciate‚
1536 1426 1831 1495 torquete,
1874 1418 2190 1496 damnate,

78 1519 310 1572 atterite
343 1534 514 1594 nos„
538 1513 752 1592 plures
772 1513 1090 1590 efficimur,
1118 1515 1340 1590 quoties
1366 1514 1658 1570 metimur
1680 1532 1721 1570 a
1753 1512 1948 1578 vobis,-
1996 1534 2193 1572 semen

77 1620 161 1669 est
194 1631 444 1689 sanquis
483 1610 1052 1668 christianorum....
1082 1628 1190 1665 uec
1219 1608 1551 1686 quidquam
1566 1608 1811 1686 proficit
1836 1612 2192 1693 eaquisitior

74 1726 322 1785 quoeque
359 1706 686 1763 crudelitas
722 1714 948 1774 vestra,
985 1703 1264 1761 illecebra
1298 1713 1383 1760 est
1416 1706 1612 1782 maqis
1642 1713 1826 1763 sectae.
1869 1702 2034 1764 Idem
2070 1715 2192 1763 tes-

77 1812 281 1859 tantur
318 1800 606 1860 Arnobius
645 1810 704 1858 et
740 1800 1068 1858 Lactantius
1112 1797 1242 1878 (5),
1287 1818 1395 1856 nec
1431 1820 1553 1856 non
1596 1798 2033 1877 Theodoram,
2088 1800 2190 1880 qui

79 1895 354 1976 praeclara
386 1895 494 1954 hac
527 1895 713 1952 utitur
740 1893 1170 1975 comparatione
1194 1893 1283 1971 (6)
1311 1914 1325 1951 ε
1361 1894 1531 1952 Sicut
1550 1895 1952 1973 liquataribus
1972 1897 2191 1954 silvam

79 1991 442 2049 caedentibus
485 1994 669 2047 multo
701 1991 914 2068 plures
958 1989 1278 2066 pullulant
1307 1993 1676 2068 propayines
1717 1990 1796 2048 ab
1838 1991 2187 2067 radicibus,

76 2107 260 2163 quam
289 2089 415 2142 siut
448 2089 618 2142 rami
637 2128 652 2156 ,
695 2087 808 2162 qui
832 2083 1233 2148 inciduntur3
1263 2087 1351 2139 ita
1391 2096 1535 2140 tunc
1564 2105 1791 2162 quoque
1808 2127 1827 2152 ‚
1864 2089 1997 2163 piis
2028 2106 2189 2144 com-

63 2181 358 2259 pluribus
385 2181 713 2257 iuterf'ectis
725 2220 749 2250 ,
774 2179 961 2235 multo
976 2182 1188 2256 plures
1213 2178 1476 2256 quotidie
1502 2179 1588 2235 ad
1614 2180 1954 2238 doctrinam
1980 2180 2040 2238 E
2044 2201 2190 2239 van·

67 2276 323 2353 yelicatn
348 2275 730 2333 accedebant.
757 2272 922 2346 Quod
942 2270 1125 2354 probe
1143 2271 1434 2332 intellexit
1455 2284 1716 2355 apostata
1745 2273 2046 2350 Julianus,
2079 2281 2193 2355 qui

69 2478 170 2515 acta
196 2468 246 2517 S.
270 2468 503 2518 Laurentii
518 2504 534 2529 ,
565 2468 616 2517 S.
639 2468 871 2517 Vincentii
895 2504 907 2525 ‚
930 2466 978 2514 S.
1000 2462 1083 2531 Ag-

71 2552 215 2609 netis,
237 2550 480 2600 Felicitatis
504 2561 644 2616 atque
661 2550 912 2615 Perpetuae,
940 2548 1081 2616 Sym·

74 2631 282 2694 phoriani
307 2669 320 2691 ,
352 2643 441 2680 etc.
471 2632 592 2696 apud
609 2631 827 2678 Ruinart.
853 2630 963 2694 Legi
987 2646 1083 2677 non

70 2722 262 2775 possunt
288 2712 463 2777 absque
493 2714 803 2760 commotione
826 2729 879 2759 ac
903 2713 1094 2775 pietatis»

72 2809 206 2840 sensu
245 2796 444 2857 genuina
477 2790 733 2856 martyrum
779 2803 913 2855 acta3
958 2805 1082 2842 tanta

71 2875 123 2921 in
146 2877 210 2922 eis
238 2876 387 2924 elucet
415 2877 680 2940 simplicitas
709 2887 753 2923 et
783 2877 956 2925 candor
974 2915 988 2938 ‚
1031 2888 1084 2926 ut

71 2958 251 3019 rapiant
286 2958 537 3023 legentium
573 2962 768 3007 animos.
814 2957 926 3029 Quis
977 2977 1085 3009 sane

73 3054 167 3084 non
185 3039 412 3086 afficiatur
430 3041 595 3088 intimo
610 3040 865 3089 devotionis
882 3041 1048 3090 effectu
1060 3077 1075 3100 ‚

71 3120 153 3183 qui
185 3119 303 3183 legat
349 3121 584 3184 epistolam
621 3121 668 3169 S.
716 3122 883 3186 Ignatii
925 3123 989 3171 Μ.
1026 3124 1083 3172 ad

71 3199 300 3248 Romanos
321 3238 334 3261 ‚
368 3205 560 3268 ejusque
584 3208 786 3270 martyrii
823 3215 921 3254 acta
946 3241 959 3265 ‚
985 3216 1083 3254 acta

72 3282 120 3332 S.
143 3282 412 3348 Polycarpi,
442 3283 492 3333 S.
519 3285 669 3334 Pionii
697 3322 714 3348 ‚
748 3298 839 3336 etc.

142 3367 206 3430 (1)
246 3365 382 3415 Hist.
419 3366 532 3417 eccl.
573 3374 827 3434 praesertim
864 3371 950 3421 lib.
981 3389 1010 3419 v
1037 3385 1082 3421 et

67 3466 204 3515 seqq.
240 3460 285 3498 et
318 3449 402 3498 lib.
441 3467 491 3511 11,
537 3451 618 3500 De
657 3454 951 3519 martyribus
978 3451 1083 3505 Pa-

64 3529 264 3581 lestinoe.

132 3614 196 3678 (2)
237 3613 313 3662 De
334 3623 456 3663 mort
469 3632 646 3681 perseo.
671 3619 781 3669 edit.
804 3620 994 3670 Baluzii.

1239 2466 1303 2530 (3)
1344 2467 1480 2532 Apud
1507 2468 1733 2528 Baium-t,
1765 2487 1844 2535 op.
1870 2473 1947 2520 cit.

1237 2549 1304 2611 (4)
1340 2549 1549 2614 Apoloq.

1239 2629 1310 2693 (5)
1348 2631 1528 2682 Arnob.
1568 2632 1748 2680 Contra
1771 2642 1934 2698 qentes
1953 2671 1965 2694 ‚
1995 2633 2083 2682 lib.
2117 2651 2181 2695 n,

1168 2730 1219 2760 n.
1250 2712 1278 2760 3
1301 2750 1314 2772 ,
1342 2712 1630 2763 Bibliotheca
1658 2716 1747 2764 ΡΡ.
1775 2715 1989 2764 Gallandi
2013 2732 2028 2779 3
2058 2714 2186 2766 Lact.

1170 2791 1295 2841 Div.
1326 2792 1496 2841 Instit.
1530 2795 1614 2843 lib.
1643 2813 1690 2853 v,
1726 2814 1766 2844 c.
1789 2796 1873 2846 23.

1237 2875 1301 2939 (6)
1337 2876 1467 2924 Ἀλλ’
1481 2870 1624 2943 οἷα-περ
1642 2883 1722 2926 ’νῦν
1749 2876 1971 2944 &pereipiat
1992 2875 2057 2929 roe*
2082 2878 2184 2929 3³⁸¹!-

1170 2953 1257 3022 ὃροι
1287 2955 1522 3020 reperim-m
1540 2998 1553 3021 ,
1583 2965 1742 3026 πολλῇ
1756 2960 1938 3014 πλείους
1966 2967 2046 3010 rain
2072 2984 2186 3025 τεμ-

1169 3037 1345 3102 νομένων
1379 3042 1427 3088 ἐκ
1450 3046 1530 3089 τᾶν
1559 3038 1683 3107 ῥῖζόι
1707 3040 2009 3109 παραιφυοῖδες
2030 3056 2181 3103 βλασ-

1168 3120 1385 3170 τάνουσιν·
1418 3119 1524 3172 otlw
1539 3122 1599 3180 δέ,
1620 3131 1866 3179 τηνικαῦτα
1887 3131 1967 3174 τεῒν
1999 3128 2183 3186 εὗσεβόν

1168 3203 1480 3269 οἱνοιιρουμένων
1499 3245 1512 3268 ,
1575 3205 1924 3258 παλλακῇ-λείποι
1975 3215 2034 3276 τῇ
2099 3214 2180 3257 τῶν

1171 3283 1440 3345 εὗοιγγελῖων
1467 3286 1758 3356 stiae-zaab:
1793 3289 2043 3357 προσίεσαν
2065 3329 2078 3352 ,
2104 3290 2183 3360 xa>

1165 3363 1217 3416 rox
1258 3366 1377 3431 αἷμα
1420 3376 1500 3419 τῶν
1545 3371 1855 3436 ἔκνμηθέντων
1896 3371 2059 3440 ὀρδειόι
2089 3374 2183 3427 τοῖς

1166 3448 1387 3511 νεοφῦτοις
1423 3451 1609 3512 ‘’ysne-0.
1653 3456 1804 3506 Serm.
1832 3473 1899 3520 lx,
1937 3456 2016 3504 De
2042 3454 2182 3520 quib.

1162 3546 1276 3584 tom.
1303 3554 1368 3598 tv,
1391 3539 1500 3588 edit.
1525 3539 1779 3591 Sirmondi.
