2554 4140
699 132 857 190 paor.
906 132 958 170 v.
1005 134 1072 168 ns
1117 132 1270 169 secr..
1320 131 1552 168 cunci.
2066 107 2184 166 259

75 274 314 347 ordinis,
332 295 491 333 conc.
501 299 527 346 ,-
544 271 737 354 quoad
754 283 1099 355 potestatem
1111 269 1550 348 jurisdictioniS,
1565 290 1696 349 neq.
1725 268 1915 342 Addo,
1943 267 2186 329 licetex-

74 367 456 430 traordinaria
474 366 1069 449 fueritApostolorum
1089 374 1371 444 potestaS‚
1403 385 1534 424 eam
1557 375 1901 423 tamennon
1926 363 2100 423 fuisse
2116 363 2190 422 il·-

73 466 384 525 limitatam
413 477 588 546 atque
609 461 1127 545 independentem.
1165 460 1315 517 Nam
1342 459 1862 520 extraordinariam
1894 459 2046 518 hanc
2078 482 2190 542 po-¹

75 573 347 621 testatem
370 559 707 619 habuerunt
727 556 976 638 quidem
991 552 1249 634 Apostoli
1273 574 1306 610 a
1331 552 1562 611 Christo
1578 596 1598 626 ,
1617 554 1721 612 sed
1746 553 2184 620 subordinatam

77 659 250 716 Petro
270 702 285 728 ,
312 656 411 736 qui
427 676 577 713 unus
590 649 1017 734 plenitudinem
1035 647 1340 728 potestatis
1359 650 1584 727 accepit
1598 648 1673 706 ad
1687 670 1819 708 suos
1833 671 2189 712 successores

78 748 594 809 transmittendam
613 791 628 820 .,
654 754 857 825 utpote
886 741 1263 801 ordinariam.
1301 742 1452 800 Hinc
1469 740 1627 798 istud
1650 743 1956 802 intercedit
1984 745 2193 808 discri÷

77 867 214 905 men
229 846 383 904 inter
397 851 743 925 potestatem
759 839 932 898 Petro
950 836 1222 896 collatam
1244 847 1304 896 et
1327 847 1678 918 potestatem
1700 836 2187 921 collatamApos-

74 940 206 1001 tolis
239 937 476 1018 singulis
508 958 531 993 ε.
551 934 686 994 licet
714 944 959 1014 utraque
995 932 1171 991 fuerit
1205 931 1379 1014 plena
1408 943 1467 991 et
1506 930 1848 995 universalis
1872 977 1886 1005 ,
1925 945 2190 1002 attamen

73 1045 325 1116 potestas
354 1031 508 1094 Petri
528 1029 638 1088 fuit
663 1029 1010 1097 ordinaria,
1041 1049 1354 1107 suprema,
1377 1038 1437 1086 et
1460 1027 1898 1105 independens,·
1925 1040 2181 1108 potestas

75 1125 482 1212 Apostolorum
509 1125 1093 1184 extraordinariam
1116 1121 1496 1182 subordinata
1534 1122 1704 1181 Petro
1739 1123 1936 1204 quoad
1967 1129 2189 1188 exerci-

74 1225 222 1284 tium
241 1267 257 1297 ,
290 1242 416 1303 quae
441 1231 749 1303 propterea
774 1239 908 1277 cum
931 1218 1070 1300 ipsis
1097 1215 1715 1278 terminaredebeba't.
1743 1218 1974 1279 Etenim
1997 1232 2187 1302 potes-

74 1331 162 1377 tas
189 1318 297 1376 ista
324 1314 780 1375 extraordinaria
809 1334 1078 1373 concessa
1105 1313 1214 1372 fuit
1258 1311 1543 1394 Apostolis
1572 1311 1646 1372 ad
1679 1312 2041 1374 fundandam
2082 1317 2188 1376 Ec·-

75 1412 335 1485 clesiam,
361 1431 427 1470 ac
443 1409 765 1470 necessaria
789 1407 899 1467 fuit
920 1407 1034 1467 illis
1058 1407 1318 1468 Ecclesiae
1339 1406 1673 1489 primordiis
1692 1452 1708 1481 ,
1735 1419 1991 1489 potestas
2005 1413 2201 1480 Petro>

76 1508 316 1589 insuper
337 1527 601 1566 concessa
618 1503 727 1563 fuit
743 1502 815 1561 ad
834 1503 1120 1562 unitatem
1140 1503 1400 1563 Ecclesiae
1418 1503 1881 1563 conservandam
1901 1550 1916 1579 .,
1942 1505 2201 1588 ideoque.

79 1613 355 1683 perpetua
380 1611 555 1681 atque
577 1644 593 1672 a
623 1610 691 1657 ut
712 1597 972 1679 loquitur
994 1597 1383 1658 Tertullianus
1402 1641 1419 1672 7
1449 1603 1744 1675 cumjure
1773 1602 2061 1667 traducis.

160 1696 297 1756 128.
347 1695 498 1754 Hinc
531 1715 766 1755 rursum
808 1692 966 1752 idem
1014 1692 1403 1752 Tertullianus
1444 1715 1457 1750 z
1498 1693 1828 1763 MementO,
1863 1694 2189 1772 scribebat,

71 1794 259 1850 claves
287 1792 384 1848 hic
410 1792 749 1849 Dominum
777 1788 987 1857 Petr0,
1015 1799 1070 1845 et
1098 1810 1204 1869 per
1234 1810 1368 1846 eum
1405 1790 1466 1848 E
1469 1791 1690 1847 cclesioe
1724 1794 2030 1869 reliquisse
2058 1793 2185 1872 (l);

74 1907 138 1944 ac
180 1884 389 1965 reliqui
425 1885 622 1943 Patres
668 1883 883 1966 passim
925 1894 1139 1943 vocant
1182 1886 1418 1943 Petrum
1440 1930 1455 1958 ,
1495 1896 1709 1963 caput,
1751 1888 2151 1964 corripliaeum
2171 1935 2188 1958 ,

66 1981 389 2060 praesidem
406 2026 423 2048 ,
472 1983 818 2059 principem
840 2025 856 2047 ,
906 1988 1211 2058 pastorem
1259 2000 1611 2059 supremum
1637 1981 2084 2059 Apostolorum
2135 1993 2194 2042 et

77 2079 358 2139 Ecclesiae
374 2075 490 2156 (2),
512 2076 671 2156 quia,
696 2085 762 2133 ut
782 2074 1042 2156 loquitur
1065 2075 1119 2132 S.
1135 2076 1487 2156 Cyprianus:
1511 2076 1851 2137 Exordium
1869 2079 1946 2137 ab
1959 2084 2195 2137 unitate

73 2176 510 2253 proficiscitur,
535 2181 590 2230 et
606 2174 922 2250 primatus
957 2171 1132 2228 Petro
1153 2171 1365 2239 datur,
1396 2181 1464 2227 ut
1493 2193 1620 2230 una
1647 2172 1872 2232 Christi
1892 2173 2195 2243 Ecclesia,

77 2280 131 2327 et
152 2269 434 2329 cathedra
458 2289 585 2327 una
607 2276 995 2335 monstretur,
1022 2276 1079 2323 et
1086 2276 1355 2344 pastores
1378 2278 1523 2325 sunt
1543 2288 1773 2337 omnes,
1793 2279 1849 2325 et
1861 2290 2010 2348 yrea·
2033 2291 2197 2338 unus

78 2366 443 2435 ostenditur,
472 2367 585 2442 qui
608 2363 688 2421 ab
718 2362 1010 2441 Apostolis
1038 2363 1321 2420 omnibus
1347 2367 1640 2420 unanimi
1659 2369 2035 2424 consensione
2049 2387 2200 2443 pas-

79 2473 290 2533 catur,
332 2472 385 2519 et
422 2461 692 2520 Ecclesia
734 2458 963 2518 Christi
992 2480 1119 2516 una
1155 2469 1521 2518 monstretur
1552 2458 1680 2538 (3),
1705 2461 1974 2519 Ecclesia
2012 2473 2095 2520 est
2128 2467 2199 2520 in

80 2558 462 2636 Episcopum.
510 2556 688 2614 Petro
712 2559 999 2633 primum
1031 2556 1334 2613 Dominus
1359 2565 1703 2632 potestatem
1741 2557 1935 2624 dedit,
1978 2568 2032 2615 et
2068 2567 2204 2635 post

82 2653 166 2709 ad
190 2652 489 2730 Apostolos
527 2669 756 2728 quoque
797 2650 1138 2726 loquitur...
1187 2668 1371 2726 super
1399 2648 1653 2706 Petrum
1699 2650 1959 2726 aedificat
1992 2651 2200 2709 Eccle-

85 2751 259 2816 siam,
288 2747 426 2805 inde
446 2748 883 2823 Episcoporum
906 2742 1208 2812 ordinatio
1232 2753 1286 2799 et
1309 2743 1592 2801 Ecclesioe
1615 2748 1774 2801 ratio
1797 2745 2067 2803 decurrit
2085 2744 2199 2826 (4),·

87 2861 151 2899 ac
174 2862 406 2900 rursum
432 2861 445 2896 ε
484 2839 618 2919 Una
653 2838 926 2897 Ecclesia
960 2859 998 2894 a
1046 2837 1278 2903 Christo
1303 2838 1564 2895 Domino
1597 2859 1783 2914 super
1802 2838 2056 2898 Petrum
2083 2841 2193 2898 ori-

89 2934 219 3012 gine
249 2934 487 2993 unitatis
510 2944 564 2990 et
589 2936 821 2991 ratione
844 2932 1113 3010 fundata
1149 2931 1276 3010 (5)‚·
1305 2943 1365 2990 et
1394 2931 1531 2990 alias
1564 2953 1715 3013 saepe
1745 2933 2014 2993 eamdem
2039 2934 2197 3007 verie-

88 3039 268 3087 tatem
294 3027 562 3087 inculcat.
594 3029 886 3087 Consonat
909 3027 965 3085 S.
1003 3026 1291 3106 Cypriano
1321 3027 1376 3084 S.
1411 3028 1762 3105 Augustinus
1786 3073 1802 3103 .,
1833 3027 2029 3089 dicens
2062 3052 2075 3087 ε
2113 3030 2200 3089 Et

88 3125 507 3182 dubitabimus
531 3143 636 3181 nos
673 3127 802 3201 ejus
829 3110 1108 3181 Ecclesia}
1143 3123 1388 3180 condere
1418 3127 1647 3201 yremio
1661 3166 1683 3194 ,
1722 3146 1857 3202 quoe
1899 3147 2082 3204 usque
2118 3124 2207 3183 ad

91 3222 505 3297 confessionem
530 3224 764 3298 qeneris
794 3218 1059 3275 humani
1077 3216 1150 3276 ab
1176 3216 1487 3298 apostolica
1513 3217 1648 3277 sede
1664 3240 1784 3298 per
1815 3226 2204 3280 successiones

162 3435 230 3501 (l)
266 3436 426 3503 Scor-p.
460 3455 504 3486 c.
538 3454 610 3485 10.
728 3427 730 3429 ¹
1255 3435 1322 3498 (3)
1360 3436 1440 3484 De
1474 3438 1659 3501 unitate
1683 3436 1931 3488 Ecclesioe.

162 3515 1098 3585 (2)Vid.Bolgeni,L’Episcopalo.1789,
1256 3518 1321 3582 (4)
1358 3518 1478 3569 lbid.

95 3596 216 3646 Part.
246 3617 290 3660 1,
322 3616 366 3647 c.
398 3615 444 3648 2.
1254 3600 1318 3666 (ὅ)
1357 3599 1524 3668 Epist.
1556 3618 1677 3666 Lxx,
1708 3603 1776 3652 Ad
1810 3602 2109 3652 Januarium.

1882 3681 1977 3740 17.
