2554 4140
2065 145 2203 224 249·

711 172 868 210 PROP.
917 173 971 211 V.
1018 173 1086 207 DE
1128 172 1276 208 ECCI..
1323 170 1554 208 GATHOL.

94 312 268 372 fidem
284 357 300 387 ,
331 313 392 370 in
408 317 494 390 cuj
501 334 564 370 us
579 313 934 393 possessione
940 317 1063 389 jam
1073 320 1198 369 erat
1212 309 1479 385 Ecclesia,
1495 331 1628 370 cum
1642 309 1751 391 ipsi
1764 309 2187 378 insurrexerint

96 419 156 466 et
182 408 483 489 protestati
497 407 712 466 fuerint
733 406 907 465 modo
921 404 1194 465 adversus
1207 424 1391 461 unum
1408 449 1424 477 .,
1450 404 1625 463 modo
1644 404 1918 463 adversus
1938 403 2185 463 alterum

92 502 270 582 ipsius
299 501 433 561 fidei
453 502 757 561 articulum
775 545 791 574 ,
825 520 969 581 quos
996 509 1194 556 tamen
1211 496 1458 555 Ecclesia
1487 519 1716 579 semper
1737 499 1798 556 in
1825 498 2184 578 possessione

95 616 195 653 sua
230 596 469 655 retinuit
490 641 506 670 ‚
538 596 796 673 rejiciens
824 591 1180 674 ut'profanos
1215 600 1525 649 novatores
1559 603 1617 650 et
1646 603 2015 673 usurpatores
2048 615 2180 668 eoS,

95 690 194 769 qui
213 689 404 771 aliquo
419 711 490 749 ex
503 687 782 767 ejusmodi
799 684 1050 745 articulis
1070 704 1199 743 eam
1221 686 1451 763 privare
1471 686 1660 744 conati
1682 696 1853 759 sunt3
1879 709 1999 748 non
2023 708 2184 747 secus

96 804 189 842 eos
231 797 489 845 execrata
522 795 640 857 est,
693 782 791 863 qui
829 779 1010 861 spolia
1047 780 1432 861 aegyptiorum
1474 779 1535 836 in
1579 800 1743 838 suam
1786 780 2187 843 haereditatem

93 879 508 959 novo‘semper
533 887 659 935 astu
684 874 898 934 inferre
933 873 1244 955 aliquando
1281 872 1744 946 contenderunt,
1782 895 1994 956 eosque
2029 877 2186 957 pari-

92 983 182 1031 ter
208 984 274 1032 ut
303 973 572 1054 profanos
589 981 900 1030 novatores
924 969 1120 1047 reJecit
1146 990 1178 1027 e
1200 970 1331 1027 sinu
1360 990 1462 1026 suo
1486 968 1596 1050 (l).
1627 969 1755 1049 Ipsa
1773 968 2019 1050 proinde
2036 990 2183 1028 sem·

90 1087 197 1147 per
224 1070 601 1146 proescripsz‘t
620 1066 869 1123 istorum
898 1062 1372 1123 innovationibus
1393 1063 1516 1124 sive
1551 1063 1834 1141 negativis
1860 1063 1971 1140 sivi
1987 1063 2187 1144 positi-

91 1161 198 1220 vis,
246 1161 433 1232 Quare
476 1159 717 1218 Ecclesia
761 1179 990 1239 semper
1052 1157 1362 1239 tranquilla
1419 1158 1731 1238 spectatrix
1781 1157 1890 1217 fuit
1942 1157 2188 1215 istarum

92 1258 353 1313 omnium
384 1266 670 1313 sectarum
702 1264 860 1312 ortus
895 1264 952 1311 et
984 1253 1251 1312 interitus
1271 1298 1287 1327 ‚
1333 1273 1397 1310 ac
1419 1253 1589 1311 toties
1632 1263 1899 1333 repetere
1945 1252 2136 1333 potuit
2165 1273 2177 1309 :

89 1349 381 1426 Des-’uncti
419 1360 563 1407 sunt
600 1354 762 1406 enim
802 1353 915 1426 qm·
950 1347 1299 1426 qdaerehant
1336 1350 1614 1406 animam
1645 1350 1866 1425 pueri,
1910 1366 2018 1405 nec
2061 1367 2184 1404 non

92 1443 407 1502 Psalmistae
430 1442 604 1505 verba
632 1464 646 1500 ε
692 1443 837 1503 Vidi
863 1447 1132 1521 impium
1159 1443 1669 1520 supereoealtatum
1703 1451 1758 1500 et
1780 1442 2069 1500 elevatum
2086 1487 2103 1510 ,
2133 1450 2190 1498 et

93 1542 376 1607 transivi,
415 1550 470 1597 et
502 1559 624 1597 ecce
650 1559 771 1596 non
797 1547 944 1595 erat.
1434 1600 1439 1609 ,
2044 1554 2048 1556 ‘

174 1633 272 1691 97.
303 1634 483 1693 'Patet
523 1633 591 1690 20
629 1653 699 1692 ex
743 1652 1028 1691 consensu
1063 1652 1127 1689 ac
1159 1631 1491 1690 testimonio
1527 1630 1945 1689 haereticorum.
1984 1629 2187 1688 Haere-

91 1727 188 1785 tici
219 1728 406 1804 enim,
439 1728 537 1808 qui
561 1748 863 1808 nunquam
899 1725 1010 1784 sibi
1043 1725 1391 1784 cohaerentes
1425 1725 1663 1784 fuerunt
1682 1770 1698 1799 ,
1739 1724 1879 1783 dum
1907 1726 1970 1783 in
1993 1723 2184 1805 aliqua

92 1820 363 1880 doctrinae
390 1834 556 1903 parte
577 1843 677 1881 seu
709 1821 947 1880 articulo
975 1820 1047 1879 ab
1074 1821 1314 1880 Ecclesia
1341 1819 1754 1880 dissentiebant
1771 1867 1787 1895 ‚
1822 1820 1951 1879 curn
1981 1820 2183 1879 eadem

92 1916 154 1973 in
186 1918 384 1976 ceteris
411 1916 679 1975 omnibus
703 1915 840 1975 fidei
873 1915 1154 1998 capitibus
1189 1914 1667 1988 consentiebant3
1708 1936 1911 1974 omnes
1936 1915 2185 1996 proinde

93 2011 344 2071 haeretici
364 2057 379 2085 .,
410 2012 659 2092 exceptis
685 2011 916 2092 punctis
937 2032 969 2068 a
998 2009 1206 2091 quibus
1230 2008 1605 2084 aberrabant,
1636 2009 1768 2068 fassi
1793 2030 2023 2091 semper
2044 2014 2212 2068 sunt'

161 2246 231 2308 (l)
262 2245 315 2293 Id
329 2247 552 2294 evincitur
568 2262 625 2293 ex
649 2247 757 2310 ipsis
773 2246 949 2310 scriptis
965 2261 1098 2309 apos-

91 2324 256 2373 tolicis.
288 2325 470 2373 Etenim
503 2325 553 2373 S.
572 2324 730 2373 Petrus
750 2328 912 2373 excitat
927 2327 1098 2389 primos

91 2404 371 2455 Christianos
388 2429 409 2466 ‚*
421 2418 471 2454 ut
491 2422 715 2455 memores
731 2411 840 2453 sunt
855 2441 869 2465 ,
886 2406 1097 2454 adversus

55 2540 63 2546 ,
91 2490 406 2539 haereticorum
434 2494 656 2538 novitates
676 2525 689 2548 ‚
716 2489 960 2536 verborum
984 2488 1095 2537 Pro-

91 2575 326 2638 phetarum
353 2583 398 2622 et
415 2573 734 2638 Apostolorum
751 2574 764 2635 (
779 2575 812 2618 ii
832 2571 930 2619 Pet.
950 2588 1002 2620 11.
1023 2572 1094 2634 3);

93 2654 161 2704 sic
189 2659 356 2720 pariter
384 2655 430 2702 S.
476 2653 622 2702 Judas
651 2654 916 2701 adhortatur
941 2653 1096 2701 fideles

92 2747 143 2784 ut
188 2738 449 2785 adhaereant
491 2736 673 2783 fortitur
711 2728 854 2779 semel
901 2732 1092 2782 tradita:

94 2818 282 2865 Sanctis
302 2817 448 2881 fidei;
477 2815 523 2862 S.
556 2815 721 2862 Paulus
748 2816 797 2861 in
826 2826 861 2860 ιξι
899 2813 957 2860 ad
987 2797 1106 2863 Cor.

95 2915 197 2962 cap.
233 2897 291 2946 15
310 2935 325 2959 ‚
363 2899 508 2961 arguit
532 2914 636 2955 εοε,
671 2902 751 2962 qui
783 2899 998 2948 dicebant
1026 2913 1096 2945 re-

95 2982 419 3027 surrectionem
434 2982 531 3044 jam
560 2996 652 3028 esse
669 2981 836 3030 factam
853 3017 869 3038 ‚
898 2998 975 3029 seu
1001 2996 1095 3027 non

95 3060 194 3108 dari
217 3063 362 3108 carnis
381 3064 779 3121 resurrectionem3
812 3062 861 3114 S.
895 3062 1095 3111 Joannes

94 3143 325 3190 invehitur
356 3146 406 3190 in
434 3160 538 3203 eos,
569 3148 648 3210 qui
686 3146 912 3195 docebant
939 3147 1094 3193 Chris-

95 3232 196 3271 tum
230 3241 325 3271 non
348 3226 524 3273 venisse
552 3225 604 3272 in
634 3243 769 3276 carne
788 3264 802 3287 ‚
832 3230 912 3293 qui
947 3227 1093 3275 solve-

94 3304 206 3353 bant
238 3305 475 3353 Christum
496 3343 509 3364 ,
542 3317 645 3356 etc.v
672 3308 802 3373 Quod
840 3312 1006 3357 attinet
1036 3307 1093 3356 ad

94 3387 245 3437 Patres
288 3388 554 3453 apostolicos
604 3390 808 3457 aliosque
840 3427 853 3451 ‚
899 3393 980 3456 qui
1019 3407 1094 3439 eos

97 3468 329 3518 subsecuti
359 3479 491 3531 sunt,
517 3487 588 3518 res
613 3471 725 3520 adeo
755 3474 992 3522 manifesta
1024 3482 1091 3521 est

98 3568 148 3598 ex
176 3553 377 3615 ipsorum
405 3554 581 3616 scriptis
599 3589 612 3612 ‚
650 3563 700 3600 ut
733 3555 783 3601 iu
806 3554 1002 3603 dubium
1047 3555 1096 3602 id

99 3649 305 3682 revocare
336 3633 524 3697 perinde
552 3637 609 3682 sit
638 3651 691 3683 ac
710 3634 860 3686 lucem
883 3633 1098 3687 meridia-

1177 2261 1284 2292 nam
1320 2260 1499 2308 negare.
1533 2243 1758 2308 Legantur
1788 2242 1989 2307 epistolae
2022 2240 2070 2290 S.
2105 2240 2181 2305 Ig-

1177 2328 1289 2373 natii
1323 2327 1563 2390 martyris,
1596 2324 1782 2389 epistola
1823 2323 1870 2372 S.
1913 2323 2148 2389 Polycarpi
2169 2360 2183 2383 ‚

1177 2410 1341 2472 scripta
1354 2407 1382 2455 J
1386 2410 1524 2455 ustini
1544 2443 1557 2467 ‚
1579 2406 1828 2455 Clementis
1852 2403 2154 2455 Alexandrini
2170 2442 2185 2467 ‚

1178 2489 1340 2538 Irenaei
1361 2526 1374 2547 ‚
1399 2489 1609 2553 Origenis
1628 2526 1641 2549 ‚
1676 2488 1836 2537 etc.1n
1862 2491 2023 2554 quavis
2047 2505 2187 2553 prope

1177 2574 1341 2636 pagina
1371 2574 1419 2618 in
1441 2580 1680 2619 novatores
1711 2571 1809 2618 haec
1823 2570 2085 2635 objurgatio
2109 2586 2186 2616 oc-

1178 2656 1353 2712 currit,
1387 2662 1432 2700 et
1461 2669 1535 2700 eos
1570 2653 1658 2700 hoc
1682 2654 1782 2716 ipso
1812 2653 2000 2698 nomine
2031 2650 2185 2697 Patres

1178 2734 1526 2781 damnaverunt.
1556 2731 1690 2796 Quod
1714 2749 1816 2779 vero
1833 2732 2183 2779 admirationem

1178 2818 1373 2875 excitat,
1418 2815 1700 2878 potissimum
1731 2822 1828 2871 est,
1866 2810 1990 2876 quod
2027 2827 2185 2859 recen-

1176 2899 1312 2944 tiores
1338 2905 1576 2943 novatores
1604 2893 1962 2958 (protestantes)
1989 2892 2146 2940 dicant
2168 2929 2182 2952 ,

1178 2987 1344 3026 veteres
1372 2986 1611 3025 novatores
1641 2992 1738 3023 esse
1766 2975 1996 3022 haereticos
2014 3010 2028 3034 ‚
2058 2976 2185 3022 insa-

1175 3076 1284 3114 nos,
1324 3068 1414 3106 etc.
1463 3075 1614 3122 neque
1648 3053 2016 3104 animadvertant
2045 3073 2092 3104 se
2132 3057 2183 3103 in

1175 3141 1388 3190 eumdem
1399 3157 1587 3188 censum
1603 3138 1975 3188 cadere.Nullum
1992 3139 2184 3186 omnino

1175 3223 1419 3270 discrimen
1439 3231 1509 3270 est
1536 3224 1654 3270 inter
1685 3222 1959 3269 recentiores
1985 3226 2032 3268 et
2058 3229 2184 3268 vete-

1175 3321 1247 3352 res
1271 3341 1284 3363 ,
1311 3306 1399 3351 nisi
1420 3304 1603 3351 fortasse
1628 3304 1678 3350 iu
1698 3302 1852 3368 aliqua
1875 3319 2080 3350 errorum
2110 3301 2186 3348 di-

1175 3388 1383 3433 versitate
1412 3402 1466 3433 ac
1492 3394 1750 3449 temporum
1781 3381 2044 3433 discrimine
2063 3417 2076 3440 ‚
2103 3380 2181 3428 sed

1176 3469 1453 3532 principium
1497 3467 1620 3516 idem
1653 3476 1719 3515 est
1739 3502 1753 3528 ,
1797 3468 1905 3532 quia
1948 3465 2184 3512 diversitas

1178 3551 1393 3613 temporis
1408 3558 1452 3597 et
1469 3565 1671 3598 errorum
1692 3566 1788 3597 nou
1808 3555 1953 3596 mutat
1968 3553 2179 3593 naturam

1178 3633 1443 3682 haeresium.
