2554 4140
2028 151 2151 210 293

330 170 480 207 PROP.
529 169 654 208 Vlu.
703 173 771 206 DE
813 171 1034 208 HAERET.
1079 170 1145 207 ΕΤ
1188 170 1407 208 SCHISM.
1457 171 1639 209 EXTRA
1682 172 1834 209 ECCL.

48 313 135 369 vel
170 311 513 387 Apostolz'eis
546 316 696 369 rz’rz‘s
711 355 733 382 ,
770 315 883 389 qui
917 322 1116 368 tamen
1147 330 1286 367 cum
1329 313 1621 388 Apostolis
1658 318 2148 390 perseveraverit,

46 406 325 462 hahuerit
355 417 650 463 auctorem
679 416 736 463 et
760 415 1171 463 antecessorem
1197 403 1306 482 (l).
1343 405 1493 463 Hinc
1525 406 1871 486 prodierunt
1906 406 2138 466 haereti·

45 520 242 556 corum
280 499 551 577 catalogi,
597 520 738 579 quos
779 497 1169 556 exhibuerunt
1211 497 1268 554 S.
1311 499 1596 574 Irenaeus7
1641 501 1697 559 S.
1741 499 2141 581 Epiphanius7

45 594 100 650 S.
150 594 495 671 Augustinus
537 592 746 672 aliique
784 590 858 648 ad
893 600 1155 647 nostram
1195 609 1379 669 usque
1425 602 1658 651 aetatem
1699 595 1809 672 (2).
1851 595 1996 673 Ergo
2034 594 2150 653 hae-

45 687 204 745 retici
221 686 566 744 schismatici
584 685 784 766 quavis
800 694 970 741 aetate
986 694 1284 764 tamquam
1310 684 1549 742 omnino
1573 686 1646 744 ab
1675 687 1919 747 Ecclesia
1936 688 2150 748 Christi

43 782 305 839 extranei
331 780 516 838 habiti
541 790 697 837 sunt.
1975 779 1977 781 ’

128 875 264 933 199.
313 876 484 950 Cujus
518 873 612 931 rei,
637 893 804 931 causa
840 870 1079 930 obscura
1113 894 1234 930 non
1258 883 1363 932 est.
1390 872 1661 953 Alioquin
1697 875 1855 933 enim
1882 859 2154 935 Ecclesia⁷

44 970 254 1028 Christi
293 980 441 1027 esset
477 967 811 1026 commixtio
849 967 1110 1027 veritatis
1147 989 1279 1026 cum
1321 966 1590 1027 omnibus
1636 967 1926 1027 erroribus
1971 981 2147 1051 atque

41 1061 490 1121 absurditatibus
510 1106 525 1135 7
568 1083 697 1142 quae
729 1059 801 1119 ab
835 1061 1092 1119 humana
1124 1062 1449 1141 ignorantia
1477 1084 1542 1120 ac
1572 1063 2150 1143 perversitate'exco-

41 1158 207 1236 gitari
229 1179 488 1238 unquam
515 1167 754 1237 possent
775 1201 790 1230 7
825 1169 1000 1236 prout
1027 1160 1216 1237 reipsa
1242 1158 1577 1235 excogitatae
1603 1168 1739 1215 sunt
1762 1155 1836 1215 ab
1862 1157 2145 1216 haereticis

37 1255 156 1316 sive
189 1252 610 1334 antiquioribus
641 1254 764 1312 sive
798 1252 1214 1311 recentioribus
1255 1253 1380 1334 (3);
1419 1254 1469 1311 si
1504 1252 1742 1313 cuilibet
1775 1255 2019 1334 impune
2059 1254 2143 1312 fas

38 1359 186 1406 esset
208 1350 525 1421 innovare7
556 1352 675 1424 jam
712 1347 945 1405 nullum
988 1348 1223 1405 daretur
1254 1348 1660 1425 adjumentum
1686 1347 1760 1408 ad
1794 1370 2147 1429 cognoscen-

41 1442 177 1499 dam
218 1454 391 1523 atque
427 1444 835 1500 intemeratam
872 1441 1224 1501 servandam
1267 1442 1610 1517 veritatem,
1656 1440 1834 1523 quam
1881 1443 2144 1502 Christus

42 1557 73 1594 e
103 1535 248 1595 coelo
273 1535 517 1608 detulit7
547 1546 722 1616 atque
746 1533 1005 1594 Ecclesiae
1026 1555 1145 1612 suae
1172 1535 1634 1614 patefaciendam
1660 1536 1927 1614 gentibus
1949 1539 2149 1596 omni-

38 1628 146 1687 bus
182 1629 450 1703 tradidit7
489 1629 846 1710 dareturque
868 1630 930 1686 in
956 1628 1204 1688 Ecclesia
1231 1628 1494 1688 absoluta
1526 1631 1782 1689 confusio
1814 1652 1879 1690 ac
1907 1643 2147 1691 senten-

42 1724 253 1782 tiarum
278 1723 669 1803 perturbatio,
696 1735 870 1804 atque
893 1725 954 1782 in
983 1735 1142 1781 tanta
1171 1724 1515 1804 opinionum
1544 1725 1827 1786 Varietate
1854 1737 1914 1785 et
1938 1726 2146 1786 discre-

35 1819 233 1899 pantia
269 1818 429 1877 nulla
472 1819 562 1881 via
612 1830 838 1899 pateret
892 1817 966 1877 ad
1014 1819 1321 1879 veritatem
1375 1819 1833 1898 cognoscendam
1854 1865 1870 1893 7
1931 1842 2144 1901 anceps

37 1915 281 1994 quisque
309 1924 460 1972 esset
489 1913 633 1971 circa
660 1913 722 1971 id
755 1912 910 1993 quod
954 1912 1311 1971 credendum
1343 1913 1438 1973 vel
1468 1913 1756 1993 agendum
1792 1913 1866 1972 ad
1898 1914 2147 1973 salutem

37 2007 417 2066 obtinendam
438 2052 454 2081 7
493 2007 588 2067 vel
616 2008 863 2087 cuipiam
891 2005 1098 2065 saltem
1133 2028 1244 2088 pro
1271 2006 1457 2066 lubito
1493 2008 1576 2066 fas
1607 2020 1757 2068 e‘sset
1788 2009 2021 2068 credere
2051 2008 2147 2068 vel

37 2122 203 2180 agere
232 2100 515 2183 quidquid
539 2100 647 2160 sibi
669 2101 890 2160 bonum
915 2102 1231 2162 videretur.
1266 2104 1402 2174 Quae
1430 2104 1623 2161 omnia
1643 2148 1659 2177 7
1692 2124 1868 2184 quam
1896 2102 2146 2162 absurda

39 2197 156 2254 sint
179 2207 237 2254 et
268 2196 495 2254 Christo
529 2197 801 2274 injuriosa
825 2240 840 2270 7
868 2196 1111 2277 quisque
1137 2195 1333 2269 videt3
1358 2196 1645 2277 siquidem
1674 2208 1870 2256 actum
1897 2208 2047 2256 esset
2072 2196 2145 2257 de

37 2292 158 2372 ipsa
193 2291 562 2351 revelatione.
1392 2360 1397 2365 .

117 2385 259 2443 200.
308 2387 579 2467 Sequitur
593 2396 786 2445 autem
804 2407 874 2445 ex
889 2386 1053 2445 dictis
1071 2387 1132 2444 10
1147 2388 1343 2469 inepte
1359 2386 1467 2445 sibi
1482 2387 1708 2466 placere
1726 2390 2145 2463 Protestantes7

101 2644 166 2706 (l)
205 2646 327 2693 Ibid.
360 2664 459 2709 cap.
500 2648 583 2695 32.

102 2728 163 2788 (2)
200 2727 339 2775 Cous.
383 2726 606 2773 Historia
641 2725 894 2772 haeresium
934 2725 1046 2773 Ber-

37 2808 137 2854 nini
157 2824 171 2868 3
192 2825 245 2856 ac
258 2818 410 2873 postea
425 2807 544 2856 Petri
560 2806 730 2854 Paletta
746 2805 796 2854 S.
818 2806 864 2854 J.
885 2803 1051 2854 Storia

37 2890 286 2950 raqionata
321 2887 438 2935 delle
462 2889 607 2934 eresie
627 2925 640 2947 7
672 2887 849 2936 Verona
888 2904 1009 2953 1797
1033 2910 1048 2955 3

38 2966 368 3017 Dictiownaire
381 2968 690 3027 deshbresies,
711 2986 793 3033 par
810 2969 877 3017 M.
900 2969 1051 3016 l'abbe

37 3048 261 3114 Pluquet3
307 3053 387 3099 etsi
426 3050 580 3114 plures
626 3053 676 3098 iu
719 3051 790 3098 his
836 3050 1050 3115 operibus

38 3131 189 3177 desint
241 3148 293 3179 ex
350 3132 676 3180 recentioribus
723 3135 854 3181 sectis
903 3149 1050 3198 nuper

37 3214 226 3260 exorus.

107 3292 172 3355 (3)
210 3293 325 3342 Vere
341 3293 562 3342 affirmari
588 3306 731 3359 potest
756 3295 813 3342 de
830 3294 1049 3342 haereticis

37 3373 258 3439 cujusque
299 3378 472 3437 aetatis,
515 3377 640 3441 quod
675 3376 733 3424 de
765 3375 1048 3441 philosophis

37 3456 220 3504 dicebat
262 3456 442 3504 Tullius
476 3493 490 3516 7
531 3456 647 3505 nihil
687 3475 782 3506 esse
824 3468 919 3504 tam
955 3455 1046 3505 ab·

37 3538 259 3597 surdum,
305 3540 431 3604 quod
460 3539 635 3587 dictum
675 3557 770 3586 non
810 3539 946 3587 fuerit
988 3537 1046 3586 ab

37 3618 191 3684 aliquo
234 3620 657 3685 philosophorum3
706 3622 770 3669 sic
814 3621 931 3668 nihil
984 3630 1048 3669 est

1135 2657 1226 2693 tam
1252 2646 1504 2695 absurdum
1530 2662 1583 2694 ae
1608 2648 1806 2710 impium
1835 2648 1929 2693 sive
1950 2647 2068 2693 circa
2093 2643 2150 2691 fi-

1132 2727 1238 2774 dem
1256 2761 1272 2786 ,
1293 2729 1386 2775 sive
1401 2730 1520 2774 circa
1535 2743 1700 2786 mores7
1717 2725 1842 2791 quod
1861 2727 2034 2774 dictum
2050 2743 2146 2773 non

1097 2809 1100 2812 ”
1133 2807 1268 2854 fuerit
1287 2808 1345 2855 ab
1368 2808 1522 2872 aliquo
1539 2807 1872 2866 haereticorum,
1891 2817 1935 2855 et
1953 2807 2144 2872 quidem

1133 2899 1268 2952 prout
1302 2889 1590 2936 observatum
1631 2898 1698 2935 est
1728 2923 1742 2944 7
1774 2891 1901 2953 juxta
1932 2905 2146 2952 germana

1133 2969 1367 3017 haereseon
1385 2971 1609 3033 principia
1626 2984 1876 3034 earumque
1892 2979 2100 3017 naturam
2131 3004 2144 3027 7

1132 3066 1237 3114 quae
1263 3061 1355 3098 tota
1389 3056 1454 3098 est
1482 3053 1532 3097 in
1578 3049 1897 3098 substituendo
1932 3051 2144 3114 spiritum

1131 3133 1360 3195 privatum
1388 3132 1641 3178 auctoritati
1664 3131 1896 3195 legitimae.
1916 3129 2011 3178 Nos
2026 3168 2039 3191 7
2062 3134 2146 3195 qui

1130 3202 1340 3261 brevitati
1359 3213 1614 3273 studemus,
1633 3214 1817 3260 nonnisi
1832 3229 1976 3277 pauca
1991 3229 2146 3261 exem-

1131 3295 1206 3358 pla
1239 3294 1485 3353 dedimus,
1523 3291 1605 3342 sed
1649 3295 1853 3353 interea,
1893 3310 1951 3342 ex
1990 3295 2145 3356 paucis

1132 3391 1233 3440 quae
1261 3375 1536 3423 adduximus
1548 3384 1594 3423 et
1610 3375 1889 3423 adducemus
1910 3411 1924 3433 7
1944 3376 2141 3438 quisque

1130 3461 1294 3520 poterit
1320 3459 1516 3520 speciem
1551 3456 1753 3522 aliquam
1789 3455 1877 3503 sibi
1903 3453 2142 3502 efformare

1129 3538 1465 3586 absurditatum
1490 3575 1502 3599 7
1545 3539 1595 3585 iu
1634 3556 1746 3603 quas
1792 3536 1918 3583 ducit
1954 3535 2132 3582 haeresis

1131 3630 1292 3668 natura
1315 3629 1359 3667 et
1384 3620 1663 3684 principium
1693 3615 2056 3667 fundamentale-
