2554 4140
359 70 482 131 212
1010 96 1079 132 nn
1124 96 1270 136 VERA
1316 98 1439 134 nur.
1488 97 1624 138 Anv.
1667 100 1871 140 Herna.

360 241 460 325 qui
487 240 835 321 primaevam
855 238 1280 300 revelationem
1303 286 1319 315 .‚
1358 241 1820 301 extraordinaria
1849 242 2076 303 ratione
2095 248 2457 328 propositam
2479 294 2494 324 7

356 333 674 395 traditione
726 347 1158 394 conservarunt
1186 382 1201 409 ,
1256 347 1448 395 tram.
1470 359 1494 402 ,·
1536 337 1805 396 nationes
1855 337 2103 419 integrae
2124 385 2140 415 .,
2189 363 2320 422 neq.
2370 345 2498 416 Quo

354 429 627 512 propiora
663 428 907 488 fuerunt
953 441 1217 513 tempora
1260 431 1557 512 primaevae
1593 431 1980 507 revelationi,
2024 454 2093 492 eo
2130 437 2311 515 magis
2349 458 2496 519 pura

353 535 697 584 conservata
721 535 812 584 est
832 571 847 599 .,
876 525 1056 584 etiarn
1086 526 1245 607 apud
1267 537 1469 606 gentes
1489 572 1504 601 .,
1536 526 1737 586 divina
1769 528 2082 611 revelatio3
2109 541 2199 589 ast
2220 552 2497 612 processu

352 620 638 703 temporis
673 619 818 680 adeo
851 620 1159 681 obliterata
1198 633 1315 697 est,
1348 621 1440 682 vel
1472 622 1678 682 faedata
1700 670 1717 699 7
1760 635 1825 682 ut
1853 613 2089 684 nonnisi
2119 627 2358 708 vestigia
2390 649 2497 687 su-

349 716 681 799 perfuerint
736 715 922 777 veluti
971 718 1138 779 navis
1183 716 1404 802 tabulae
1449 740 1556 799 per
1607 720 1978 800 naufragium
2017 720 2302 799 disjectae,
2351 744 2496 805 quas

350 813 576 892 ingenti
624 810 824 872 labore
870 811 1086 872 eruditi
1137 812 1278 870 hinc
1321 811 1460 872 inde
1510 814 1871 895 collegerunt
1911 815 2021 896 (l).
2068 818 2209 890 Quae
2255 818 2499 900 quidem

348 909 592 988 vestigia
655 907 771 967 duo
833 907 1190 982 ostendunt,
1249 927 1466 989 nempe
1517 918 1645 968 tum
1705 911 2130 972 revelationem
2179 913 2498 995 quamdam

348 1005 489 1066 olim
522 1006 725 1064 datam
753 1003 1094 1063 hominibus
1126 1003 1301 1063 fuisse
1321 1049 1337 1079 .‚
1378 1014 1511 1063 tum
1552 1019 1889 1088 corruptam
1914 1008 2225 1068 hominum
2256 1032 2497 1071 eorum-

347 1102 484 1161 dem
509 1101 734 1160 incuria
748 1121 813 1159 ac
828 1098 1204 1179 negligentia.
1255 1099 1408 1158 Hinc
1437 1100 1551 1158 nisi
1573 1103 1760 1175 DeuS‚
1788 1124 1895 1184 per
1917 1103 2276 1184 peculiarem
2309 1097 2493 1188 popu-

345 1197 470 1255 lum
506 1217 682 1277 quem
720 1193 830 1254 sibi
871 1194 1089 1275 delegit
1121 1193 1386 1273 ejusdem
1421 1195 1796 1255 revelationis
1831 1198 2133 1258 custodem
2168 1200 2234 1259 ac
2261 1199 2497 1282 deposi-

344 1293 562 1353 tarium
584 1338 599 1367 .,
629 1293 682 1351 ei
709 1292 1104 1374 prospexisset
1124 1337 1139 1366 .,
1172 1302 1372 1351 actum
1398 1292 1637 1373 penitus
1666 1292 1741 1351 de
1780 1313 1850 1352 ea
1889 1303 2041 1353 esset
2060 1339 2076 1368 ‚
2116 1305 2292 1375 prout
2319 1297 2497 1357 etiam

344 1393 505 1448 nun'c
526 1388 808 1470 temporis
831 1386 1053 1469 absque
1080 1386 1364 1446 catholica
1388 1387 1636 1447 Ecclesia
1664 1389 1763 1448 vix
1789 1387 2000 1448 rudera
2026 1434 2042 1464 ,
2076 1400 2143 1447 ut
2165 1390 2244 1448 ita
2272 1388 2494 1468 dicam,

345 1485 548 1564 magni
574 1483 730 1543 illius
757 1483 985 1544 aedificii
1001 1486 1027 1558 ‚²
1043 1482 1203 1566 quod
1227 1505 1335 1565 per
1355 1483 1781 1544 revelationem
1805 1483 2109 1543 conditum
2131 1495 2220 1544 est
2240 1530 2256 1559 7
2282 1507 2493 1567 super-

338 1591 542 1643 essent
575 1591 758 1662 atque
799 1591 1082 1640 caementa
1113 1580 1223 1661 (2).
1271 1579 1442 1653 Quod
1477 1581 1525 1639 si
1563 1579 1881 1656 nonnulli,
1921 1581 2080 1663 iique
2108 1580 2446 1663 paucissimi
2474 1629 2491 1661 2

408 1874 482 1940 (l)
519 1874 780 1922 Praesertim
812 1870 1045 1921 Eusebius
1082 1869 1376 1920 Caesariensis

342 1964 393 2009 in
429 1959 614 2008 duobus
644 1956 869 2023 praeclaris
893 1954 1110 2020 operibus
1141 1953 1223 2002 De
1238 1970 1373 2020 proe-

335 2044 597 2109 paratione
613 2059 667 2090 ac
685 2040 760 2087 De
774 2038 1190 2090 Demonstratione
1202 2035 1253 2083 E
1254 2053 1376 2084 van-

342 2123 519 2191 9elica.
566 2122 633 2171 Ex
680 2122 1016 2171 recentioribus
1067 2137 1173 2168 vero
1219 2119 1374 2184 plures

343 2211 539 2258 viatores
562 2206 839 2255 universalis
865 2204 1102 2272 ejusmodi'
1113 2202 1375 2250 traditionis

346 2291 516 2339 rudera
534 2327 548 2352 ‚
567 2300 618 2337 ut
641 2292 704 2336 ita
731 2289 883 2337 dicam
899 2324 913 2344 ,
932 2297 1071 2353 atque
1092 2286 1366 2349 Fragmenta,

345 2391 488 2438 penes
516 2373 721 2422 diversos
751 2370 949 2436 populos
983 2368 1209 2417 barbaros
1235 2377 1374 2432 atque

346 2457 575 2505 silvestres
594 2454 895 2518 collegerunt.
920 2452 1045 2501 luter
1070 2468 1186 2518 quos
1205 2450 1374 2516 dignus

345 2551 414 2589 est
438 2540 519 2605 qui
536 2538 736 2603 degatur
774 2535 943 2585 Comes
972 2535 1095 2584 Carli
1133 2535 1292 2594 Rubi,
1322 2536 1372 2583 in

346 2625 440 2672 suis
470 2621 655 2683 Leetere
690 2619 1020 2679 Americane,
1067 2618 1251 2667 duobus
1289 2636 1371 2667 vo-

345 2704 644 2768 luminibus;
686 2720 775 2751 nec
809 2720 907 2751 non
951 2701 1221 2766 Croyances
1248 2739 1260 2759 ‚
1287 2718 1371 2748 su-

342 2790 627 2857 perstitions
649 2827 660 2848 ‚
708 2797 755 2835 et
799 2797 945 2834 restes
993 2784 1072 2832 des
1107 2783 1371 2832 traditioni:

337 2873 618 2939 primitives
659 2871 871 2919 observes
893 2885 990 2934 par
1027 2868 1109 2915 M.
1145 2865 1373 2914 Dumant

345 2955 392 3003 d’
406 2953 593 3004 Urville
620 2992 633 3009 ,
657 2953 782 3002 dans
807 2969 893 3001 son
910 2967 1090 3016 voyaqe
1110 2958 1286 2998 auteur
1303 2949 1371 2998 du

346 3037 520 3087 monde
565 3038 596 3085 ὰ
637 3035 755 3083 bord
791 3033 848 3083 de
886 3032 1206 3094 l'Astrolabe,
1247 3032 1370 3080 dans

346 3121 395 3169 la
429 3117 905 3170 Nouvelle-Zalande
925 3154 940 3181 ,
990 3125 1035 3165 et
1074 3115 1140 3164 les
1186 3115 1271 3163 iles
1313 3114 1370 3162 de

354 3205 531 3268 Tonqa
553 3241 566 3264 ‚
591 3213 705 3263 etc„
742 3199 968 3250 Annales
1001 3199 1058 3247 de
1070 3196 1370 3266 philosophie

345 3288 620 3336 chretienne
641 3322 654 3346 ‚
668 3285 837 3334 recueil
857 3284 1125 3349 periodique
1143 3320 1156 3342 ‚
1180 3281 1267 3331 5¹¹¹e
1285 3299 1370 3330 an-

345 3373 465 3430 nee,
502 3381 621 3420 tom.
650 3385 767 3426 vm,
811 3385 863 3415 n.
898 3365 998 3430 43,
1047 3367 1105 3415 3ι
1140 3365 1366 3425 Janvier,

344 3456 472 3503 Paris
518 3448 681 3515 18:343
713 3449 848 3498 Neue
878 3447 1195 3513 theoloqische
1224 3445 1368 3495 Zeit-

343 3536 518 3602 schrift
537 3573 551 3599 ‚
582 3553 672 3583 von
694 3533 756 3582 D.
778 3532 965 3597 Joseph.
988 3531 1112 3580 Pletz
1134 3568 1148 3591 ,
1180 3530 1230 3578 id
1263 3540 1332 3579 est
1353 3567 1366 3591 ,

345 3620 495 3669 Novoe
541 3614 864 3685 ephemerides
896 3612 1059 3675 theol„
1113 3612 1308 3662 Viennae
1340 3647 1356 3673 ‚

1473 1867 1599 1920 1833
1620 1907 1634 1931 ‚
1652 1870 1766 1918 fasc.
1786 1886 1850 1929 ιι,
1873 1887 1921 1935 p.
1963 1866 2183 1939 189-210
2206 1908 2221 1931 ,
2258 1871 2371 1922 fasc.
2402 1881 2454 1923 iu
2471 1909 2487 1936 ,

1462 1970 1507 2018 p.
1541 1950 1779 2020 305-329‚
1812 1954 1928 2002 fasc.
1967 1965 2032 2004 iv.
2071 1952 2247 2003 26-50.
2275 1953 2348 2003 Ex
2377 1958 2485 2014 qui-

1462 2034 1551 2083 hus
1587 2045 1713 2101 patet
1748 2036 1874 2101 apud
1922 2038 2157 2086 universas
2197 2047 2355 2102 gentes
2401 2038 2486 2086 ob-

1461 2120 1655 2167 tinuisse
1691 2119 1844 2167 ideam
1889 2121 2138 2168 existentiae
2180 2119 2300 2180 Dei,
2345 2122 2484 2169 semi-

1462 2203 1655 2252 deorum
1692 2221 1774 2251 seu
1818 2203 2119 2268 angelorum,
2164 2219 2327 2268 puguae
2365 2206 2487 2252 inter

1466 2285 1585 2334 duos
1604 2287 1777 2350 primos
1806 2285 1970 2334 fratres
1987 2285 2100 2333 Cain
2129 2295 2174 2333 et
2198 2284 2350 2346 Abel,
2380 2286 2484 2334 Tri-

1471 2370 1628 2416 nitatis
1656 2378 1890 2433 occupatae
1909 2370 1960 2415 iu
1984 2367 2191 2416 hominis
2213 2372 2447 2418 creatione
2467 2404 2481 2428 ‚

1409 2455 1428 2459 ”
1466 2450 1664 2498 faeminae
1681 2450 1920 2498 aedificatae
1951 2467 2011 2498 ex
2043 2452 2128 2499 viri
2156 2460 2280 2499 costa
2298 2488 2310 2510 ‚
2330 2451 2485 2517 lapsus

1461 2543 1876 2599 protoparentum,
1910 2542 2001 2580 etc.

1529 2616 1595 2680 (2)
1634 2613 1755 2664 Sane
1785 2633 1894 2663 cum
1925 2632 2216 2681 unaquaeque
2237 2624 2367 2663 secta
2390 2615 2485 2663 hae-

1459 2701 1710 2748 reticorum
1750 2716 1913 2747 eorum
1940 2734 1956 2759 ,
2007 2699 2088 2764 qui
2129 2714 2154 2745 a
2200 2697 2486 2763 temporibus

1459 2783 1716 2848 apostolicis
1754 2781 1813 2829 ad
1854 2798 1936 2828 nos
1970 2797 2117 2846 usque
2166 2782 2308 2828 exorti
2343 2789 2485 2838 sunt,

1458 2867 1539 2931 qui
1557 2867 1630 2913 vix
1663 2864 1899 2912 numerari
1912 2865 2011 2930 jam
2033 2872 2256 2927 possunt,
2276 2861 2487 2928 aliquam

1458 2948 1750 2997 revelationis
1766 2956 1940 3011 partem
1951 2946 2185 3010 negaverit
2204 2961 2217 3007 ;
2237 2961 2347 2992 cum
2363 2961 2482 2993 una-

1459 3048 1656 3098 quaeque
1681 3039 1895 3095 praeterea
1936 3027 2117 3095 aliquid
2147 3028 2204 3076 de
2238 3045 2322 3076 suo
2354 3027 2484 3093 adJ'e-

1458 3117 1599 3174 cerit;
1640 3131 1748 3162 cum
1786 3111 1945 3160 nullus
1979 3114 2035 3159 sit
2076 3111 2184 3159 fidei
2223 3109 2444 3158 articulus
2471 3147 2484 3169 ‚

1458 3200 1540 3264 qui
1575 3197 1728 3262 plures
1770 3212 1866 3242 nou
1909 3195 1967 3241 sit
2009 3203 2174 3242 nactus
2201 3193 2484 3241 adversarios

1458 3289 1603 3346 atque
1638 3281 1991 3342 impugnatores
2015 3313 2028 3335 ‚
2061 3276 2238 3341 absque
2265 3274 2483 3323 Ecclesiae

1458 3361 1695 3411 catholicae
1725 3360 1943 3407 firmitate
1962 3393 1978 3420 ,
2024 3368 2151 3406 tanta
2178 3365 2296 3406 esset
2327 3371 2482 3403 rerum

1458 3445 1675 3494 omnium
1719 3441 2002 3506 perturbatio
2051 3451 2191 3505 atque
2234 3437 2481 3497 confusio,

1457 3528 1594 3576 etiam
1638 3535 1741 3589 post
1780 3521 1958 3572 Christi
2002 3522 2257 3571 adventum
2281 3556 2294 3578 ,
2333 3517 2485 3584 qualis

1456 3610 1549 3658 fuit
1597 3607 1722 3673 apud
1771 3624 1933 3655 omues
1983 3605 2180 3672 populos
2228 3603 2312 3665 (si
2341 3618 2482 3650 unam
