2554 4140
398 143 517 181 CAP.
563 142 643 181 1V.
688 142 758 177 DE
800 141 980 178 Exls'r.
1019 138 1139 178 mv.
1187 138 1258 175 Ac
1301 134 1609 174 SUPERRAT.
1657 130 1788 169 REV.

2050 105 2166 165 193

67 282 273 343 Carolo
304 285 356 340 V.
375 283 494 364 (1),
534 281 629 343 vel
653 282 716 340 in
741 279 941 340 Galliis
964 275 1060 340 vel
1084 275 1223 335 alibi
1249 275 1548 347 mulctatiz,
1585 284 1646 334 et
1667 273 1824 332 inter
1845 270 2174 331 incredulos

66 514 211 582 Bayle
228 551 242 573 ‚
280 523 362 561 art.
408 515 488 560 cit.
525 509 562 559 I
561 509 601 557 ls
641 507 966 571 enseignerent
987 519 1078 568 que

69 596 115 643 la
126 597 390 661 puissance
406 592 487 639 des
494 591 687 658 princes
702 589 819 636 etait
830 601 925 633 une
937 600 1080 631 usur-

60 679 233 743 pationi
250 712 263 734 ‚
291 685 335 722 et
357 690 447 738 qne
460 672 524 721 les
538 672 746 720 hommes
772 683 882 715 sous
900 663 1080 712 l'evan-

66 758 161 823 yile
189 758 380 804 doivent
380 755 524 821 jouir
550 751 693 799 d’une
703 748 870 814 pleine
896 746 1077 795 liberte.

68 840 136 887 Ac
162 840 220 888 de
247 838 468 886 Munzero
489 870 504 893 ‚
534 834 770 898 praecipuo
807 839 936 878 sectae
967 846 1078 877 auc-

68 930 167 969 tore
192 957 205 978 ‚
229 921 292 967 ait
314 935 328 964 =
360 913 570 964 Munzer
593 911 760 960 devint
775 913 821 959 si
836 913 1083 959 temeraire

72 1000 194 1065 qu'il
214 997 408 1047 exhorta
435 995 708 1044 hautemem
742 994 806 1042 les
828 992 1029 1059 peuples
1052 993 1083 1040 ὰ

70 1085 261 1133 resistet·
269 1095 370 1128 aum
376 1096 485 1143 may
491 1081 666 1134 istrats,
682 1086 725 1126 et
738 1078 767 1125 ὰ
778 1094 860 1124 con
869 1076 1085 1125 traindre

81 1167 146 1215 les
161 1165 438 1213 souverains
454 1162 484 1209 ὰ
497 1178 544 1209 se
567 1161 749 1225 descire
763 1160 819 1207 de
835 1159 1083 1206 l’autorite.

13 1282 20 1288 -
82 1247 168 1298 Un
196 1245 259 1294 tel
274 1242 512 1307 Evanqile
527 1242 635 1307 plut
660 1244 706 1288 si
725 1241 826 1305 fort
851 1256 951 1288 aux
961 1257 1088 1305 pay-

72 1347 190 1379 sans
214 1326 548 1389 d'Allemaqne
565 1361 578 1384 ‚
614 1324 700 1389 qui
730 1325 1002 1372 trouvaient
1020 1338 1088 1370 un

68 1429 169 1478 peu
197 1419 299 1474 trop
318 1407 435 1454 rude
451 1406 618 1471 lejouq
629 1406 686 1453 de
700 1405 828 1453 leurs
856 1407 1053 1452 maitres
1078 1440 1089 1458 ,

69 1491 211 1559 qu’ils
237 1507 287 1538 se
303 1487 594 1537 soulecerent
613 1503 672 1534 en
701 1485 832 1534 mille
851 1485 984 1533 lieux
1003 1522 1016 1543 ,
1045 1492 1090 1532 et

73 1572 214 1639 qu'ils
243 1571 521 1618 commirent
558 1583 657 1615 une
683 1569 873 1632 infinite
898 1562 960 1631 *de
987 1567 1090 1614 vio-

72 1657 241 1703 lences.
265 1651 350 1699 On
370 1649 473 1697 leva
499 1648 582 1696 des
597 1657 784 1715 troupes
808 1651 1055 1697 contr'euoe
1069 1683 1085 1708 ,

72 1753 136 1786 on
159 1735 225 1785 les
238 1737 383 1786 battit
404 1740 661 1797 aisement,
682 1755 742 1787 on
759 1755 821 1786 en
833 1738 894 1802 fit
906 1739 1093 1786 mourir

73 1835 144 1867 un
162 1820 438 1884 tres-yram!
451 1821 663 1869 nombre.
694 1820 798 1868 Jam
831 1838 939 1868 vero
968 1820 1092 1868 sedi-

75 1903 177 1949 tiosi
196 1938 209 1959 ‚
233 1901 427 1950 rebelles
448 1940 460 1962 ‚
492 1905 819 1968 conspiratores
847 1911 1008 1949 contra
1027 1901 1093 1949 le-

77 1984 282 2047 gitimam
299 1993 586 2048 potestatem,
605 1985 732 2048 digni
748 1984 952 2047 profecto
968 1992 1091 2041 sunt,

79 2065 160 2129 qni
204 2053 410 2130 martj'rii
455 2066 607 2114 laurea
642 2064 701 2113 ab
731 2065 979 2112 incredulis
1012 2064 1094 2111 do-

77 2153 265 2194 nentur.
282 2147 384 2195 Sed
436 2147 494 2195 ad
530 2149 731 2212 penitius
777 2146 1093 2211 cognocendos

79 2227 260 2276 furores
304 2228 533 2294 ejusmodi
577 2230 873 2276 sectariorum
918 2228 1097 2292 legatur

80 2307 306 2356 Histoire
319 2308 404 2356 des
418 2307 467 2357 A
472 2309 764 2374 nabaptistes
780 2347 792 2368 ‚
811 2309 932 2357 Paris
954 2327 971 2357 1
983 2307 1096 2375 795,

82 2406 166 2438 nec
192 2408 287 2439 non
316 2390 538 2438 Histoire
564 2391 620 2438 de
638 2391 849 2439 l'heresie
875 2392 931 2438 de
965 2390 1050 2439 W
1047 2393 1092 2437 i-

80 2470 217 2538 chff,
249 2473 307 2520 de
338 2472 467 2521 Jean
496 2472 632 2521 Huss
662 2482 705 2521 et
735 2474 790 2521 de
814 2473 1006 2520 Jerdme
1041 2471 1099 2524 de

82 2554 280 2619 Proque
298 2593 311 2615 ‚
354 2555 483 2620 Lyon
537 2553 661 2604 1682
696 2593 708 2612 ‚
752 2559 861 2603 item
909 2555 1097 2603 Gerardi

81 2635 251 2685 Croesii
274 2636 502 2685 Historia
520 2637 862 2701 Quackeriana
876 2674 888 2693 ,
915 2637 1000 2686 lib.
1020 2652 1095 2695 111,

85 2717 278 2769 Amstel.
303 2717 447 2786 1695.

150 2799 225 2865 (l)
262 2801 331 2850 De
348 2801 520 2866 quibus
552 2799 711 2848 scribit
737 2811 841 2865 post
873 2800 1100 2861 Grotium,

88 2879 274 2930 Annal.
293 2881 350 2929 de
379 2881 519 2928 rebus
547 2879 790 2944 Belqicis,
823 2899 927 2946 pag.
969 2899 987 2929 1
1005 2898 1060 2930 12
1085 2919 1098 2940 ‚

89 2961 200 3010 edit.
233 2961 331 3010 sol..
362 2963 532 3010 Paulus
561 2961 690 3027 Sarpi
709 2965 759 3011 in
795 2962 932 3011 Hist.
952 2962 1100 3013 Cone.

100 3040 406 3103 Tridentini,
427 3043 507 3091 lib.
529 3048 583 3091 ιἰι
603 3081 615 3103 ,
632 3054 768 3110 atque
790 3062 847 3094 ex
867 3046 967 3110 ipso
988 3045 1101 3093 Gib-

93 3125 208 3184 bon,
230 3143 308 3190 op.
333 3129 413 3174 cit.
438 3142 542 3191 cap.
570 3125 627 3175 16
644 3146 656 3189 ;
673 3128 774 3188 ubi,
794 3146 940 3193 quum
960 3128 1105 3176 innu-

93 3211 231 3258 meris
243 3209 744 3276 mendaciissubtilique
755 3220 854 3258 astu
868 3220 1108 3259 extenuare

97 3307 347 3339 numerum
367 3290 714 3338 christianorum
745 3301 997 3356 martyrum
1016 3302 1108 3338 ten-

98 3375 260 3422 taverit
280 3410 293 3432 ‚
311 3371 451 3420 refert
466 3389 519 3420 ex
543 3375 809 3421 auctoritate
838 3373 979 3421 Grotii
990 3408 1005 3432 ‚
1023 3373 1108 3421 sub

98 3454 261 3503 Carolo
277 3472 324 3513 v,
349 3468 438 3502 100
456 3454 598 3502 millia
615 3491 628 3513 ‚
647 3454 719 3503 vel
737 3454 891 3504 saltem
908 3454 971 3505 50
993 3454 1105 3502 Pro-

100 3539 367 3585 testantium
384 3536 530 3583 millia
548 3571 561 3594 ,
578 3553 632 3584 ex
657 3539 915 3586 testimonio
935 3537 1106 3602 Sarpst,

99 3617 322 3666 carnificis
338 3635 477 3667 manu
490 3619 828 3684 interremptos.
850 3622 930 3670 Ast
945 3630 1108 3671 notum

182 3698 247 3755 T.
301 3699 345 3756 I.

1162 511 1231 550 est
1261 504 1314 549 in
1354 495 1636 550 immensum
1662 502 1890 568 ejusmodi
1921 520 2176 552 numerum

1162 594 1351 633 auctum
1375 601 1502 645 esse,
1534 594 1587 632 ut
1621 595 1742 649 patet
1765 598 1820 634 ex
1844 590 1941 651 ipsa
1966 585 2116 636 Grotii
2135 596 2183 636 et

1163 666 1653 731 Sarpii‘supputatione
1675 667 1872 727 3deinde
1885 671 1936 717 in
1957 667 2077 718 bello
2098 687 2180 719 oc-

1164 748 1383 797 cubuisse
1410 748 1571 813 Belgas
1586 747 1690 796 illos
1707 785 1721 807 ‚
1742 751 1824 814 qui
1841 751 2004 815 jugum
2018 767 2182 801 excus-

1166 841 1320 880 serant
1333 830 1631 897 Imperatoris
1646 841 1691 880 et
1704 831 1947 879 mulctatos
1960 842 2184 899 tanquam

1165 911 1449 978 perduelles.
1472 912 1608 978 Quod
1621 922 1795 977 spectat
1808 912 2186 973 ad'Calvinianos,

1166 996 1312 1061 quiin
1328 994 1487 1044 Galliis
1510 994 1711 1043 subinde
1732 1011 1888 1060 poenas
1922 995 2152 1043 dederunt
2168 1030 2186 1056 ,

1169 1088 1348 1127 certum
1378 1089 1476 1139 est,
1510 1097 1586 1128 eos
1628 1080 1806 1145 ubique
1837 1080 1931 1127 suis
1971 1079 2191 1127 doctrinis

1168 1160 1446 1209 inhaerentes
1491 1161 1647 1209 civiles
1676 1171 1831 1209 motus
1859 1163 2075 1209 excitasse
2105 1159 2191 1208 ad-

1172 1259 1329 1291 versus
1369 1243 1625 1307 legitimam
1669 1246 2008 1292 auctoritatem.
2045 1242 2191 1302 Dixi,

1169 1325 1276 1370 suis
1319 1324 1557 1372 doctrinis
1603 1324 1925 1386 inhaerentes;
1964 1325 2195 1391 siquidem

1172 1405 1439 1456 Franciscus
1476 1423 1494 1454 1
1526 1444 1540 1467 ,
1568 1416 1622 1455 ut
1649 1407 1789 1455 refert
1815 1406 2087 1470 Brantome,
2122 1408 2196 1456 af·

1170 1487 1386 1537 firmabat
1415 1507 1429 1536 :
1458 1488 1526 1536 Le
1545 1487 1830 1537 calvinisme
1845 1498 1890 1536 et
1913 1481 2038 1538 toute
2058 1498 2195 1539 autre

1171 1569 1382 1617 nouvelle
1409 1578 1529 1618 secte
1556 1570 1752 1619 tendent
1776 1572 1806 1618 ὰ
1830 1570 1877 1619 Ia
1906 1571 2198 1620 destruction

1172 1652 1254 1699 des
1279 1667 1557 1716 royaumes,
1589 1653 1887 1701 monarchies
1903 1662 1948 1701 et
1974 1654 2197 1702 domina-

1173 1735 1322 1784 tions.
1362 1733 1586 1782 Calvinus
1617 1752 1735 1799 saepe
1773 1735 1942 1784 clamat
1978 1738 2197 1785 adversus

1178 1818 1497 1864 auctoritatem
1527 1826 1769 1864 cruentam
1784 1815 1962 1881 Regum
1977 1855 1990 1878 ‚
2011 1835 2201 1868 eorum-

1177 1913 1268 1961 que
1296 1895 1497 1946 ferocem
1520 1898 1756 1960 licentiam
1775 1937 1788 1958 ,
1822 1900 1962 1948 vellet
1983 1903 2104 1965 ipsos
2119 1919 2198 1950 va-

1179 1980 1257 2026 riis
1302 1977 1597 2027 subditorum
1644 1979 1887 2046 ordinibus
1926 1980 2157 2047 subjicere
2174 2018 2192 2044 ‚

1178 2077 1253 2107 eos
1277 2062 1463 2107 nonnisi
1483 2061 1760 2126 populorum
1775 2071 1949 2110 tutores
1974 2063 2197 2128 appellat,

1178 2141 1338 2207 eisque
1384 2142 1545 2207 objicit
1586 2154 1767 2208 turpem
1809 2145 2040 2207 ignaviam
2072 2146 2201 2194 velut

1179 2223 1436 2286 perfidiam.
1462 2223 1582 2273 Nota
1611 2235 1720 2274 sunt
1735 2221 1995 2291 Principia
2013 2226 2202 2289 Pari33

1182 2300 1228 2351 V
1231 2305 1433 2355 indicia?
1485 2314 1653 2354 contra
1702 2316 1933 2372 tyrannos
2004 2309 2199 2359 Huberti

1180 2388 1419 2454 Languet,
1442 2392 1525 2455 qui
1553 2391 1696 2454 magis
1725 2399 1862 2438 notus
1891 2401 1960 2439 est
1994 2392 2080 2440 sub
2111 2411 2201 2442 no-

1182 2474 1298 2520 mini
1321 2470 1476 2519 Junii
1500 2471 1682 2531 Bruti,
1707 2475 1789 2538 qui
1819 2473 1910 2521 hoc
1940 2491 2060 2539 opus
2086 2487 2204 2524 con-

1182 2558 1387 2620 scripsit,
1432 2565 1545 2603 teste
1589 2557 1688 2619 ipso
1733 2554 2013 2605 protestante
2049 2556 2201 2606 d’Au-

1182 2636 1321 2701 bigne
1341 2673 1357 2697 ,
1381 2647 1432 2685 ut
1449 2639 1628 2685 animos
1658 2637 1844 2686 adderet
1869 2639 2126 2688 reformatis
2142 2641 2202 2689 ad

1111 2750 1115 2752 >
1185 2722 1555 2784 conjurationem
1576 2718 1807 2767 Ambacii.
1838 2719 2116 2783 Agnoscitur
2141 2723 2201 2771 li-

1184 2801 1267 2849 ber
1291 2799 1571 2849 exsecrabilis
1587 2837 1600 2860 ,
1640 2802 1793 2868 inquit
1821 2800 2010 2850 Grotius
2028 2842 2039 2859 ‚
2079 2802 2204 2853 Bou-

1186 2882 1295 2930 cher
1329 2889 1375 2930 et
1402 2882 1600 2929 Ministri
1637 2880 1812 2930 Sureau
1834 2882 1897 2931 du
1928 2882 2090 2932 Rozier
2109 2923 2121 2945 ‚
2148 2888 2200 2934 in

1187 2979 1280 3028 quo
1318 2974 1474 3011 auctor
1506 2969 1699 3011 conatur
1735 2963 2003 3024 ostendere,
2039 2977 2090 3014 ut
2139 2966 2208 3016 lo-

1187 3047 1345 3109 quitur
1376 3046 1568 3110 quidam
1629 3045 1884 3094 protestans
1916 3062 1929 3094 ε
1973 3046 2112 3113 Qu’il
2142 3058 2211 3096 est

1189 3125 1379 3174 loisible
1405 3127 1462 3174 de
1493 3136 1599 3174 iuer
1625 3126 1751 3175 leurs
1784 3130 1885 3175 νοτὶς
1911 3137 1955 3175 et
1979 3131 2134 3178 reines
2148 3147 2210 3179 ne

1187 3207 1386 3257 voulant
1412 3209 1542 3256 obeir
1576 3209 1606 3256 ὰ
1632 3208 1680 3256 la
1710 3207 1912 3274 reliyion
1942 3212 2208 3275 pretendue

1189 3291 1414 3355 refbrmee
1448 3299 1493 3337 et
1506 3297 1670 3356 porter
1704 3290 1745 3338 le
1758 3293 1896 3357 parti
1916 3301 2203 3358 protestant.

1193 3374 1392 3421 Demum
1411 3375 1571 3422 ceteris
1601 3375 1780 3422 omissis
1798 3411 1811 3433 ,
1844 3392 1896 3423 ex
1923 3375 2208 3423 confessione

1190 3458 1386 3503 ministri
1421 3454 1581 3503 Jurieu
1621 3472 1633 3503 ε
1679 3454 1750 3502 Le
1781 3453 2008 3502 cardinal
2037 3454 2206 3503 Riche-

1191 3536 1321 3596 lieu,
1364 3539 1494 3584 etant
1543 3552 1643 3584 aux
1676 3535 1940 3602 pretendas
1980 3534 2207 3599 reformes

1194 3618 1321 3668 leurs
1345 3617 1504 3684 places
1520 3618 1577 3667 de
1605 3619 1759 3667 εΐινοιέ
1780 3656 1793 3679 ,
1823 3617 1905 3680 aqi
1910 3624 1928 3661 t
1942 3615 2098 3679 plutas
2111 3635 2211 3686 par

1885 3696 1956 3754 13
