2554 4140
299 108 376 168 43

958 128 1028 164 DE
1071 125 1222 169 VERA
1263 126 1386 165 REI..
1436 127 1569 168 ADV.
1619 129 1776 167 INGR-

385 273 522 334 124.
570 271 660 333 Ad
705 270 826 343 2¹¹¹,
870 267 1024 349 Neq.
1077 268 1167 329 Ad
1205 268 1376 351 prob.
1423 274 1493 328 in
1533 271 1765 351 legibus
1810 276 2236 334 constituendis
2250 318 2272 347 ,
2317 287 2428 338 etc.

301 373 461 432 Dist.
490 368 611 428 Nisi
637 368 793 425 Deus
817 362 927 424 sibi
952 363 1175 447 aliquid
1203 366 1397 424 minus
1420 366 1706 425 usitatum
1732 369 2047 428 reservarit
2073 370 2149 430 ad
2175 372 2434 454 torpidas

299 460 691 547 quorumdam
733 460 1044 520 hominum
1079 472 1309 521 mentes
1347 462 1721 522 excutiendas
1746 508 1761 537 ,
1808 483 1934 544 quae
1979 468 2266 526 consuetis
2306 490 2430 527 non

298 567 615 620 moventur
644 604 660 634 7
719 579 905 625 conc-5
965 558 1129 639 quasi
1185 559 1339 617 Deus
1393 580 1516 617 non
1576 559 1714 617 satis
1770 559 2096 641 providerit
2131 562 2434 623 ordinariis

297 654 609 717 eventibus
648 675 714 713 ac
751 652 1005 712 naturali
1040 675 1239 712 rerum
1271 665 1601 713 creatarum
1635 655 1832 714 ordini
1855 700 1871 729 ,
1910 678 2039 737 neq.
2088 659 2242 716 Deus
2280 670 2436 720 certe

300 750 457 832 leges
488 749 849 810 universales
871 749 1175 807 constituit
1200 794 1216 824 7
1248 748 1460 830 quibus
1487 749 1779 811 ordinaria
1803 752 2027 810 ratione
2067 751 2325 812 mundus
2350 775 2436 814 re-

296 858 569 930 geretur3
603 857 663 905 at
690 847 745 906 ei
776 866 1009 927 quoque
1048 843 1268 926 placuit
1295 866 1594 905 reservare
1633 845 1743 905 sibi
1782 847 2243 907 extraordinaria
2277 871 2434 909 non-

295 943 462 1003 nulla
503 943 651 1001 facta
675 987 690 1016 .,
746 939 956 1021 quibus
1008 939 1277 998 homines
1319 961 1662 1021 supremum
1707 946 1830 1019 ejus
1870 938 2199 1002 dominium
2235 945 2300 1003 in
2343 966 2435 1005 res

296 1049 534 1099 cunctas
572 1042 811 1118 ejusque
841 1034 1279 1118 providentiam
1310 1035 1640 1096 evidentius
1679 1050 2094 1117 cognoscerent
2117 1086 2133 1115 ‚
2180 1061 2245 1099 ac
2284 1061 2437 1122 prae-

296 1135 466 1216 cipue
498 1133 772 1193 certiores
809 1133 1021 1191 fierent
1050 1130 1123 1190 de
1153 1131 1400 1193 veritate
1438 1130 1732 1212 religionis
1754 1177 1770 1208 .,
1799 1155 1979 1215 quam
2006 1134 2267 1197 revelare
2292 1158 2434 1196 con-

295 1231 523 1306 stituit,
554 1240 622 1287 ut
656 1228 898 1288 inferius
935 1226 1313 1287 ostendemus
1339 1225 1447 1308 (l).

382 1324 520 1384 125.
566 1323 656 1385 Ad
692 1324 810 1399 3¹1²7
847 1326 1005 1383 Dist.
1054 1323 1113 1382 Si
1149 1322 1211 1382 id
1253 1344 1325 1383 ex
1365 1323 1709 1383 necessitate
1746 1323 1999 1399 faceret,
2045 1347 2232 1395 eone.,·
2277 1329 2325 1387 si
2367 1350 2441 1389 ex

296 1420 480 1481 libera
507 1420 790 1481 electione
817 1418 892 1478 ob
918 1421 1063 1479 fines
1099 1417 1207 1478 sibi
1234 1419 1590 1501 praestitutos
1608 1465 1624 1495 a
1657 1442 1788 1500 neq.
1814 1420 2041 1480 Deinde
2068 1444 2199 1502 neq.
2236 1424 2438 1483 Deum

297 1529 547 1578 evertere
579 1539 710 1576 suas
737 1516 890 1596 leges
921 1538 1106 1597 quum
1141 1514 1493 1575 miraculum
1533 1515 1958 1598 qualecumque
1991 1518 2147 1592 edit3
2193 1518 2296 1579 sed
2316 1564 2332 1593 ,
2373 1530 2440 1579 ut

295 1616 362 1675 in
400 1611 848 1699 probationibus
903 1612 1131 1672 dictum
1173 1623 1295 1686 est,
1349 1610 1595 1691 derogat
1629 1610 1853 1691 legibus
1901 1613 2052 1686 suis,
2098 1623 2157 1673 et
2199 1613 2439 1695 quidem

294 1820 423 1887 quod
453 1820 593 1869 Deus
627 1821 700 1868 sie
723 1820 865 1868 rebus
897 1828 1081 1869 eertum
1105 1818 1323 1869 ordinem
1416 1819 1682 1868 rieordiam
1700 1820 1910 1867 servavit
1933 1819 2032 1867 sibi
2053 1819 2274 1885 quiedam
2291 1857 2308 1883 ,
2331 1837 2438 1885 quoe

293 1903 482 1952 indidit
499 1938 515 1964 ,
573 1911 629 1951 ut
672 1912 833 1951 tamen
881 1903 982 1950 sibi
1022 1910 1285 1950 reservaret
1302 1938 1319 1964 ‚
1410 1903 1595 1967 faceret
1626 1911 1892 1968 opportuno
1918 1911 2124 1968 tempore
2134 1911 2314 1968 proeter
2335 1905 2438 1951 usi-

294 1985 422 2051 quod
455 1987 558 2051 ipse
598 1984 883 2050 aliquando·
906 1984 1047 2032 aliter
1082 2001 1142 2032 ex
1173 2001 1324 2032 eausa
1415 1994 1568 2034 tatum
1595 2002 1793 2033 cursum
1822 1984 2131 2050 ordinemque
2147 1994 2366 2044 naturoe,*
2385 1994 2439 2034 ut

295 2076 414 2116 esset
442 2068 685 2131 facturuS.
739 2066 915 2128 Unde,
960 2084 1112 2131 quum
1145 2074 1326 2131 praeter
1413 2085 1513 2116 non
1545 2069 1732 2133 majora
1767 2067 1852 2114 sed
1881 2067 2081 2115 insolita
2106 2068 2313 2116 videndo
2342 2077 2434 2117 stu·

298 2149 430 2197 bunc
452 2149 669 2196 ordinem
692 2150 820 2212 ayit,
843 2164 941 2195 non
957 2156 1191 2196 mutatur.
1215 2147 1266 2195 P.
1284 2164 1318 2195 ¹.

296 2250 349 2298 q.
377 2229 486 2280 105.
518 2241 604 2279 art.
632 2227 682 2278 6.
707 2231 766 2278 ad
794 2232 842 2279 3.
870 2230 1045 2279 Eadem
1067 2230 1180 2278 alibi
1206 2232 1319 2278 scri·

294 2314 394 2374 bit,
434 2316 689 2378 praesertim
717 2323 882 2379 quaest.
916 2313 1040 2378 disp.
1064 2311 1112 2376 4.
1144 2312 1201 2360 de
1227 2314 1321 2359 mi-

295 2395 506 2458 raculis,
544 2415 592 2462 q.
616 2394 666 2443 6.
689 2406 778 2445 art.
823 2413 862 2445 1.
887 2397 944 2445 ad
966 2394 1030 2455 63
1055 2407 1101 2445 et
1124 2396 1215 2445 Iib.
1243 2412 1318 2443 111.

300 2479 479 2527 Contra
506 2479 654 2527 Gent.
683 2496 783 2544 cap.
801 2495 899 2546 99,
932 2497 979 2528 n.
1005 2496 1050 2546 7.

363 2561 434 2628 (l)
471 2563 546 2612 Ita
579 2563 629 2612 S.
669 2559 870 2627 August.
928 2562 1097 2612 Tract.
1138 2559 1221 2626 24.
1264 2562 1320 2608 in

297 2645 435 2696 Joan.
458 2664 509 2695 n.
530 2663 548 2693 1
564 2682 577 2706 ,
602 2646 941 2711 praeoccupavit
963 2653 1009 2693 et
1038 2644 1177 2694 solvit
1199 2645 1320 2692 hanc

296 2729 615 2778 difficultatem
637 2746 651 2777 ε
672 2727 945 2789 Miracula,
967 2745 1075 2792 quae
1091 2728 1210 2792 feeit
1228 2725 1318 2775 Do-

295 2813 461 2859 minus
509 2809 564 2861 J.
614 2810 692 2872 C„
736 2819 852 2866 sunt
898 2811 1095 2876 quidem
1147 2810 1319 2859 divina

296 2910 464 2961 opera,
501 2902 545 2942 et
574 2893 640 2941 ad
672 2892 1041 2959 intelliqendum
1073 2893 1227 2943 Deum
1260 2893 1317 2941 de

293 2975 568 3025 visibilibus
596 2975 858 3024 admonent
886 2976 1153 3025 humanam
1179 2993 1313 3025 men-

297 3068 407 3107 tem.
434 3059 571 3125 Quia
592 3060 723 3105 enim
755 3057 836 3105 ille
859 3075 956 3105 non
976 3067 1043 3106 est
1060 3058 1174 3106 talis
1202 3059 1314 3107 sub-

295 3143 508 3201 stantia,
548 3158 653 3206 quoe
682 3141 844 3189 videri
877 3140 1030 3189 oculis
1044 3143 1231 3206 possit,
1271 3150 1315 3189 et

295 3224 538 3272 miracula
555 3224 683 3287 ejus,
709 3222 885 3288 quibus
911 3232 1060 3272 totum
1076 3224 1312 3271 mundum

295 3308 422 3371 reqit
449 3307 819 3371 universamque
847 3315 1117 3355 creaturam
1153 3306 1313 3355 admi-

295 3391 505 3450 nistrat,
533 3389 820 3437 assiduitate
852 3388 1128 3451 viluerunt,
1160 3391 1231 3437 ita
1259 3399 1314 3437 ut

288 3489 413 3538 pene
453 3488 590 3520 nemo
634 3470 864 3536 diqnetur
901 3472 1140 3520 attendere
1170 3489 1313 3538 opera

295 3554 401 3603 Dei
430 3556 558 3602 mira
579 3563 622 3602 et
643 3554 882 3620 stupenda
920 3556 977 3602 in
1008 3554 1216 3619 quolibet
1238 3572 1311 3602 se·

294 3638 447 3685 minis
472 3654 626 3703 qrano
641 3656 664 3699 ;
702 3637 965 3687 seeundum
997 3653 1136 3687 suam
1162 3638 1305 3686 mise-

1404 2158 1580 2215 perent
1606 2187 1620 2210 ‚
1653 2148 1831 2213 quibus
1861 2148 2148 2212 quotidiana
2172 2149 2432 2198 viluerant.

1412 2232 1530 2298 Maj
1533 2249 1588 2279 us
1605 2233 1735 2279 enim
1758 2229 2050 2278 miraculum
2067 2240 2134 2278 est
2147 2231 2434 2295 qubernatio

1411 2316 1556 2365 totius
1579 2313 1755 2361 mundi
1776 2352 1788 2373 ,
1811 2330 1954 2377 quam
1974 2315 2208 2361 saturatio
2223 2316 2436 2378 quinque

1410 2397 1624 2445 millium
1655 2396 1910 2443 hom-inum
1948 2395 2005 2443 de
2037 2398 2249 2460 quinque
2285 2397 2431 2460 pani-

1410 2479 1498 2527 bus
1513 2497 1534 2542 ;
1551 2488 1596 2528 et
1610 2487 1768 2527 tamen
1790 2478 1890 2526 haec
1919 2495 2056 2526 nemo
2094 2480 2303 2526 miratur
2316 2500 2335 2537 ;
2366 2477 2430 2526 il-

1409 2563 1500 2611 lud
1508 2555 1751 2611 mirantur
1762 2561 1997 2621 hominm,
2010 2578 2110 2609 non
2122 2562 2239 2626 quia
2251 2563 2427 2627 majus,

1408 2646 1492 2692 sed
1507 2647 1622 2710 quia
1648 2662 1818 2693 rarum
1840 2653 1923 2693 est.
1959 2645 2027 2693 Ex
2048 2646 2137 2692 hac
2166 2643 2214 2691 S.
2243 2643 2428 2710 Augus·

1409 2731 1494 2777 tini
1513 2729 1829 2777 observatione
1845 2738 1982 2794 patet,
2000 2728 2116 2794 quid
2130 2727 2426 2776 sentiendum

1407 2814 1464 2859 sit
1492 2811 1550 2859 de
1577 2812 1797 2875 praeclara
1839 2812 2106 2859 recentioris
2135 2809 2427 2857 rationalist'ae

1405 2896 1650 2953 sententia,
1669 2895 1783 2942 dum
1798 2896 1885 2942 ait:
1904 2891 2170 2940 Illiraeulis
2183 2890 2326 2938 multo
2341 2893 2427 2938 mi·

1403 2994 1496 3024 nus
1512 2976 1751 3025 declarari
1765 2978 2058 3042 majestatem
2085 2982 2276 3022 naturoe
2294 2974 2423 3022 divi-

1400 3075 1477 3107 noe
1490 3077 1635 3124 quam
1653 3059 1820 3107 ordine
1833 3066 2024 3106 naturae
2050 3078 2067 3115 ;
2085 3074 2234 3121 quum
2258 3059 2312 3104 in
2328 3056 2427 3105 illis

1401 3143 1501 3189 vim
1517 3150 1705 3189 tantum
1722 3140 2051 3202 admiremur(
2065 3141 2227 3188 rudem
2245 3141 2424 3205 quasi);

1400 3226 1455 3271 in
1482 3225 1568 3272 boe
1591 3241 1699 3272 vero
1728 3232 1772 3271 et
1802 3224 1929 3285 vim,
1960 3239 2067 3286 quoe
2095 3225 2319 3269 virtutem
2344 3239 2425 3269 re-

1401 3308 1490 3355 bus
1521 3309 1667 3355 etiam
1702 3306 1897 3369 abjectis
1916 3305 2102 3353 indidit
2123 3343 2135 3365 ‚
2163 3313 2206 3352 et
2230 3306 2426 3370 sapien—

1399 3392 1520 3438 tiam
1536 3389 1901 3455 dispensatoriS.
1920 3388 1987 3436 Ita
2005 3387 2269 3437 Doederlein
2286 3421 2302 3446 ‚
2329 3381 2399 3432 In
2411 3413 2429 3426 ·

1398 3474 1587 3520 stitutio
1600 3470 1801 3536 theoloqi
1814 3471 2076 3519 christiani
2089 3506 2104 3530 ,
2129 3470 2222 3519 vol.
2244 3486 2262 3515 1
2280 3506 2293 3529 ‚
2315 3485 2418 3534 pag.

1400 3552 1519 3603 615.
1553 3553 1700 3619 Quam
1728 3553 1941 3619 praeclare
1971 3571 2024 3602 ac
2060 3554 2287 3617 sapienter
2326 3551 2423 3599 haec

1391 3647 1436 3686 et
1466 3636 1698 3704 ejusmodi
1730 3636 1817 3686 alia
1846 3635 2179 3703 proferuntur!
