2554 4140
360 119 435 178 16
1015 141 1083 175 nn
1126 137 1277 178 VERA.
1319 140 1444 180 aaz.
1495 142 1630 183 Anv.
1680 144 1836 184 mon.

357 295 572 344 nostrae
595 329 610 358 ,
654 284 970 362 fucumque
1019 281 1233 341 faciant
1290 284 1571 359 incauti53
1627 287 1843 347 scilicet
1901 309 2102 349 veram
2155 293 2498 375 religionem

357 401 492 439 cum
532 378 686 437 falsis
721 388 1104 458 comparant,
1143 378 1531 462 eamdemque
1575 383 1862 442 imitando
1904 384 2287 449 revelationes
2326 391 2499 451 effin—

357 485 537 555 gunt,
574 482 632 531 et
666 471 951 554 imperitis
994 472 1323 534 obtrudunt
1358 476 1700 554 (mendacia
1735 479 2056 561 siquidem,
2090 492 2156 539 ut
2193 483 2369 545 fidem
2401 488 2500 545 in-

355 568 600 630 veniant
619 613 634 642 ,
663 568 907 627 induere
923 567 1146 628 debent
1175 571 1434 630 veritatis
1467 574 1719 655 speciem
1735 576 1778 654 );
1812 597 1877 635 ea
1903 587 2100 635 tam-en
2122 578 2170 636 si
2195 592 2497 660 pertentes

353 675 414 723 et
444 663 697 723 excutias
718 709 733 738 ,
768 666 1045 723 continuo
1090 665 1378 726 malitiam
1426 667 1834 751 deprehendes
1857 717 1873 746 ,
1906 672 2264 755 inanemque
2307 676 2494 735 simu-

351 758 635 818 lationem
673 760 952 820 veritatiS.
1000 764 1178 820 Porro
1221 762 1371 821 nihil
1410 765 1723 847 quicquam
1757 788 2070 828 commune
2110 780 2196 829 est
2232 770 2491 832 inventis

353 854 697 931 hominum,
728 855 1053 939 fabulisque
1079 859 1566 942 superstitionum
1589 883 1724 921 cum
1750 875 2065 944 systemate
2097 865 2209 925 sibi
2232 888 2301 926 ex
2331 869 2496 927 omni

356 964 525 1036 parte
576 953 905 1014 cohaerente
961 976 1115 1016 verae
1170 955 1462 1035 religionis
1487 1002 1502 1031 ,
1547 958 1611 1016 in
1665 981 1781 1041 qua
1828 962 1907 1020 sic
1967 963 2163 1022 omnia
2227 965 2383 1024 inter
2440 986 2502 1024 se

354 1071 619 1108 connexa
652 1061 909 1132 aptaque
949 1062 1086 1109 sunt
1110 1096 1126 1126 7
1165 1063 1231 1110 ut
1263 1055 1558 1112 unitatem
1589 1076 1886 1116 summam
1921 1058 2176 1118 efficiant
2218 1081 2283 1119 ac
2316 1062 2380 1119 in
2411 1061 2499 1120 sui

353 1143 804 1205 admirationem
843 1146 1078 1227 rapiant
1103 1146 1198 1208 vel
1226 1147 1460 1207 invitos·
1498 1149 1763 1209 Profecto
1796 1155 2141 1233 mysterium
2170 1157 2270 1215 SS.
2305 1157 2502 1215 Trini-

353 1241 489 1300 tatis
534 1252 623 1301 est
665 1241 1123 1301 fundamentum
1162 1244 1425 1326 mysterii
1468 1245 1777 1306 dominicae
1823 1248 2241 1316 Incarnationis
2274 1297 2290 1327 ,
2335 1251 2496 1333 quod

352 1360 590 1397 rursum
635 1341 914 1422 supponit
950 1341 1295 1420 mysterium
1332 1343 1554 1423 peccati
1586 1343 1880 1423 originalis
1922 1350 2161 1427 ejusque
2195 1347 2258 1405 in
2292 1370 2497 1408 omnes

353 1434 492 1494 Adae
542 1446 806 1517 posteros
844 1439 1278 1520 propagationis
1303 1483 1320 1514 ‚
1365 1459 1436 1497 ex
1473 1438 1685 1520 quibus
1732 1441 1880 1500 mire
1916 1442 2106 1501 elucet
2144 1441 2357 1503 divinae
2390 1465 2501 1503 na-

352 1541 498 1589 turae
528 1536 768 1613 ejusque
794 1532 1216 1592 attributorum
1238 1579 1254 1607 .,
1288 1536 1734 1615 omnipotentiae
1756 1582 1772 1610 ,
1806 1537 2107 1618 sapientiae
2128 1583 2144 1612 a
2171 1536 2452 1598 bonitatis
2479 1584 2495 1614 ,

351 1628 794 1703 misericordiae,
827 1631 1072 1708 justitiae
1114 1630 1495 1706 excellentia,
1537 1653 1647 1691 nec
1699 1655 1821 1691 non
1861 1635 2090 1713 generis
2137 1633 2383 1693 humani
2435 1656 2497 1694 se

351 1722 553 1805 prodit
575 1725 910 1784 infirmitaS.
955 1726 1105 1785 Hinc
1134 1726 1321 1809 liquet
1350 1726 1511 1786 aliud
1545 1730 1788 1787 omnino
1822 1750 1946 1788 esse
1978 1751 2146 1809 agere
2172 1729 2246 1790 de
2275 1742 2497 1811 myste-

351 1819 451 1878 riis
485 1819 550 1878 in
577 1819 868 1880 abstracto
889 1867 905 1895 7
944 1832 1012 1881 ut
1048 1822 1254 1882 deis'tae
1283 1822 1506 1897 solent,
1552 1823 1712 1883 aliud
1752 1846 1815 1884 ea
1845 1825 2212 1885 considerare
2249 1826 2312 1885 in
2352 1847 2495 1885 con-

353 1927 514 1976 creto
534 1962 550 1992 .,
579 1928 757 1998 prout
787 1939 818 1976 a
847 1917 1125 1998 religione
1151 1931 1585 2001 proponuntur.

435 2011 534 2068 45.
582 2011 671 2070 Ad
698 2014 782 2071 7¹11
811 2015 968 2071 Dist.
1009 2013 1074 2070 Id
1100 2025 1189 2071 est
1208 2058 1223 2087 ,
1267 2017 1572 2095 perpensis
1603 2016 2001 2076 credibilitatis
2039 2018 2275 2077 motivis
2297 2064 2312 2093 a
2360 2038 2493 2100 quae

353 2105 659 2164 hominem
676 2106 751 2164 ad
777 2106 1217 2166 assentiendum
1233 2107 1542 2183 inducunt,
1560 2131 1752 2176 conc.,·
1768 2110 1828 2168 id
1843 2123 1951 2184 est7
1973 2132 2263 2192 perpensa
2282 2114 2491 2172 intima

353 2202 769 2283 mysteriorum
786 2215 996 2262 natura
1012 2249 1027 2277 ,
1055 2215 1120 2262 ut
1144 2203 1281 2263 alias
1298 2205 1553 2281 diximus
1574 2251 1589 2280 ‚
1614 2229 1746 2287 neq.
1768 2207 1825 2264 Si
1843 2218 2043 2265 tamen
2061 2207 2154 2264 hic
2179 2207 2488 2287 Apostolus

351 2298 613 2380 loquitur
643 2299 716 2358 de
741 2298 1020 2381 obsequio
1043 2300 1182 2360 fidei
1219 2302 1551 2383 praestando
1571 2348 1587 2377 .,
1618 2314 1677 2361 et
1703 2324 1823 2360 non
1857 2303 2050 2384 potius
2085 2302 2159 2362 de
2186 2303 2490 2364 moderata

353 2396 609 2477 corporis
632 2396 1021 2456 afflictatione.
1053 2399 1126 2457 At
1150 2398 1475 2459 deistarum
1501 2420 1715 2481 parum
1742 2400 1989 2460 interest
2018 2420 2228 2463 verum
2250 2419 2490 2459 sensum

354 2495 644 2573 attingere
679 2494 1133 2577 Scripturarum.

1234 2657 1475 2718 CAPUT
1520 2660 1587 2718 11.

943 2819 1011 2854 DE
1054 2815 1455 2856 REVELATIOMS
1500 2818 1886 2857 NECESSITATE.

436 2975 534 3034 46.
579 2973 970 3035 Revelationis
1009 2974 1221 3035 divinae
1250 2975 1529 3048 nomine,
1573 2989 1639 3035 ut
1683 2999 1754 3037 ex
1795 2979 2092 3060 superiore
2139 2979 2277 3061 Cap.
2321 2999 2483 3038 com-

353 3082 591 3154 pertum
626 3080 713 3129 est
737 3115 753 3144 .‚
792 3069 885 3128 hic
913 3069 1290 3149 intelligimus
1319 3073 1825 3152 supernaturalem
1856 3074 2019 3132 illam
2050 3075 2155 3133 Dei
2188 3076 2482 3156 operatio-

354 3188 531 3241 nem,
579 3187 693 3247 qua
731 3164 1051 3246 peculiares
1101 3165 1367 3225 homines
1412 3167 1694 3247 quasdam
1729 3190 1760 3227 a
1805 3171 1924 3228 Deo
1967 3170 2240 3229 veritates
2291 3170 2480 3228 edocti

354 3273 494 3321 sunt
512 3306 528 3332 .
554 3259 765 3342 quibus
788 3261 898 3342 ipsi
930 3259 1142 3320 deinde
1172 3260 1436 3320 homines
1467 3262 1721 3344 reliquos
1739 3262 1814 3322 ad
1842 3263 2185 3343 religionem
2210 3276 2270 3324 et
2294 3265 2479 3324 officia

355 3356 751 3416 instituerent.

437 3452 538 3511 47.
588 3451 1004 3511 Gravissimam
1044 3451 1199 3512 hanc
1233 3452 1447 3511 inimus
1482 3452 1939 3535 disputationem
1983 3474 2106 3513 non
2140 3454 2333 3513 solum
2372 3451 2479 3511 ad·-

354 3567 555 3607 versus
590 3556 815 3609 veteres
841 3547 1306 3629 recentioresque
1334 3547 1577 3620 deistas‚
1616 3547 1720 3607 sed
1749 3549 1927 3607 etiam
1963 3548 2239 3609 adversus
2282 3567 2479 3628 nupe-

354 3663 449 3701 ros
476 3642 861 3704 rationalistas
881 3688 897 3718 ‚
936 3643 1036 3725 qui
1073 3665 1196 3703 non
1233 3642 1407 3704 aliam
1445 3643 1865 3707 revelationem
1895 3654 2218 3726 agnoscunt
2263 3653 2477 3727 praeter
