2554 4140
274 190 393 248 264
903 214 973 248 ne
1018 212 1164 250 VERA
1211 214 1333 251 aaz.
1386 216 1518 255 mv.
1569 217 1770 256 nemu.

364 354 501 412 139.
554 354 694 411 Inst.
737 365 968 434 quarto.
1023 355 1277 415 Concilia
1327 356 1654 418 Basileense
1695 369 1754 418 et
1798 353 2246 423 Constantiense
2284 386 2406 424 non

277 448 615 507 habuerunt
658 450 993 509 Romanum
1029 453 1373 512 Pontificem
1414 453 1597 514 veluti
1631 454 1871 513 unitatis
1914 466 2183 515 centrum
2216 469 2278 518 et
2313 480 2411 519 ca-

275 556 416 625 put;
457 566 614 626 ergo,

363 640 500 701 140.
552 645 727 725 Resp.
757 646 895 724 Neq.
930 656 1115 705 antee.
1141 646 1275 705 Haec
1299 646 1461 705 enim
1484 646 1763 721 Concilia.,
1791 646 1841 706 si
1865 648 2149 723 tamenin
2167 647 2414 709 decretis

279 739 691 818 quae‘Romani
727 740 1022 799 Pontificis
1061 740 1470 801 auctoritatem
1498 754 1766 824 spectant
1788 787 1804 817 a
1849 741 2205 802 oecumenica
2235 754 2413 820 sunt,-

278 833 438 914 quod
475 834 744 916 plerique
786 840 917 915 jure
955 847 1209 915 negant,
1255 835 1414 897 istud
1445 839 1685 896 unitatis
1728 849 2002 897 centrum
2039 838 2100 896 in
2139 839 2418 899 Pontifice

276 928 432 988 ultro
460 929 854 1005 admiseruntt,
882 952 1085 990 eorum
1114 930 1460 1012 disceptatio
1482 955 1605 992 non
1631 945 1757 993 erat
1787 934 1900 991 nisi
1926 933 1999 992 de
2024 933 2417 1015 amplitudine

275 1026 587 1107 pontificiae
614 1027 939 1109 potestatis,
981 1028 1253 1085 Ceterum
1290 1025 1401 1085 hac
1433 1027 1494 1085 in
1531 1039 1699 1108 parte
1730 1028 2052 1088 Concilium
2090 1029 2416 1090 Basileense

279 1133 564 1205 tanquam
596 1121 1034 1181 schismaticum
1069 1120 1241 1200 vulgo
1274 1119 1562 1196 habetur,
1595 1124 2041 1185 Constantiense
2071 1137 2268 1185 autem
2295 1147 2422 1186 res-

281 1219 425 1299 picit
464 1230 697 1299 tempus
739 1215 1070 1277 schismatis
1094 1262 1110 1290 7
1154 1211 1331 1298 atque
1369 1217 1585 1298 passim
1623 1218 1819 1299 quoad
1855 1219 1964 1278 ista
2004 1219 2237 1280 decreta
2288 1221 2420 1299 reji-

283 1314 461 1386 citur,
501 1313 597 1374 vel
621 1311 831 1372 saltem
866 1324 933 1371 ut
971 1311 1164 1373 dubiae
1201 1311 1456 1372 habetur
1493 1313 1888 1388 auctoritatiS‚
1926 1312 2173 1396 ideoque
2202 1315 2421 1376 nullius

283 1408 508 1468 roboris
555 1409 683 1490 (1),
728 1408 832 1468 sed
874 1408 949 1469 de
988 1408 1080 1468 his
1120 1407 1357 1468 uberius
1407 1419 1467 1467 et
1498 1429 1571 1468 ex
1605 1407 1866 1490 professo
1910 1408 1972 1468 in
2016 1410 2289 1470 Tractatu
2334 1412 2423 1471 De

283 1507 424 1565 loeis
458 1506 827 1587 theoloyicis,
863 1504 968 1579 ubi
1001 1504 1076 1565 de
1113 1507 1378 1563 Romano
1405 1505 1707 1564 Pontifice.

1081 1682 1492 1737 PROPOSITIO
1533 1684 1629 1738 Vl.

290 1859 668 1939 Quicumque
691 1863 897 1939 quovis
919 1869 1177 1939 tempore
1195 1899 1218 1930 ,
1242 1861 1501 1938 spiritus
1516 1860 1768 1937 privati
1779 1858 2014 1937 placita
2035 1859 2345 1931 sectando,
2370 1880 2427 1918 se

366 1967 681 2036 opponunt
713 1957 999 2016 Ecclesz'ce
1031 1955 1335 2014 catholicae
1366 1956 1738 2034 maqisterto,
1792 1954 2031 2013 rebelles
2069 1965 2245 2026 sunt,
2290 1976 2422 2014 see-

369 2057 526 2111 tariz'
547 2063 605 2111 et
631 2063 957 2112 novatores.

374 2243 510 2303 141.
559 2245 689 2302 Una
729 2256 817 2303 est
849 2244 1116 2303 omnium
1150 2243 1451 2303 haereseon
1490 2244 1684 2323 origO,
1726 2253 1981 2323 systema
2017 2240 2284 2303 videlicet
2311 2242 2425 2323 spi·

287 2341 433 2400 ritus
464 2341 683 2422 privati
718 2337 807 2420 (2)
826 2386 841 2415 7
874 2362 976 2399 seu
1011 2341 1376 2421 privatorum
1411 2337 1754 2413 hominum,
1781 2337 1882 2420 qui
1904 2358 2028 2398 sese
2058 2338 2288 2418 erigunt
2317 2335 2425 2397 ad-

292 2549 465 2606 minis,
500 2546 742 2596 Clemente
782 2565 844 2595 vu
868 2583 883 2609 ,
946 2547 1205 2612 adscriptus
1234 2555 1322 2597 est.
1407 2553 1529 2592 creta
1569 2561 1681 2593 sess.
1724 2559 1771 2591 lv
1803 2548 1851 2591 et
1892 2561 1916 2590 v
1955 2541 2150 2590 Concilii
2197 2540 2426 2590 Constan-

291 2628 400 2678 Vid.
420 2630 717 2697 Raynaldus‚
737 2629 795 2678 ad
815 2647 994 2678 annum
1019 2625 1166 2695 1387,
1190 2646 1243 2676 n.
1260 2643 1322 2681 11,
1408 2630 1565 2676 tiensis
1583 2664 1596 2687 ‚
1629 2625 1655 2693 §
1686 2643 1702 2674 1
1738 2637 1786 2676 et
1810 2644 1945 2693 seqq.

293 2712 345 2760 S.
373 2711 668 2770 Antonium,
708 2711 758 2759 3²
780 2722 894 2777 part.
929 2712 1002 2759 tit.
1028 2728 1069 2759 c.
1102 2726 1154 2771 2,
1195 2706 1220 2775 S
1265 2722 1285 2754 ι
1310 2744 1324 2767 ,
1478 2711 1540 2775 (2)
1580 2710 1668 2760 Hic
1696 2711 1898 2759 notanda
1927 2720 1995 2758 est
2024 2709 2236 2758 confusio
2277 2723 2426 2773 nuper

291 2797 429 2860 cujus
462 2795 601 2843 verba
634 2795 900 2844 referuntur
926 2794 986 2843 ab
1015 2793 1177 2843 eodem
1196 2793 1325 2860 Ray-
1411 2795 1602 2844 inducta
1630 2813 1655 2843 a
1683 2795 1914 2861 plerisque
1936 2791 2268 2842 recentioribus
2283 2794 2425 2856 scrip-

290 2877 432 2925 naldo
457 2916 470 2937 ‚
502 2877 595 2926 loc.
642 2880 723 2926 cit.
775 2876 1077 2938 Ciacconius‚
1120 2873 1172 2924 V
1170 2878 1252 2925 itae
1280 2883 1331 2923 et
1412 2878 1620 2938 toribus,
1662 2880 1745 2944 qui
1783 2879 2045 2942 promiscue
2078 2877 2310 2940 accipiunt
2345 2875 2428 2923 has

290 2976 369 3007 res
410 2967 555 3024 qestoe
586 2958 892 3020 Pontificum
916 2959 1053 3007 Rom.
1076 2967 1121 3007 et
1148 2966 1330 3008 sanctoe
1410 2960 1525 3008 duas
1566 2961 1969 3009 denominationes
2007 2959 2211 3025 spiritus
2236 2957 2430 3024 privati

292 3042 526 3091 Romame
538 3038 771 3092 Ecclesioe
791 3041 1156 3105 Cardinahum,
1176 3042 1265 3102 vol,
1287 3060 1324 3104 1,
1410 3055 1454 3093 et
1474 3045 1683 3092 rationis
1707 3041 2055 3099 individualis,
2083 3041 2275 3107 perinde
2311 3057 2366 3088 ac
2389 3042 2429 3088 si

288 3126 374 3173 fol.
409 3126 496 3173 col.
532 3141 657 3172 ιον).
676 3163 689 3184 ,
725 3125 885 3173 Romae
911 3123 1038 3173 1630
1058 3141 1071 3188 3
1109 3125 1321 3175 Bolland.
1408 3127 1529 3176 idem
1548 3127 1858 3194 significarent
1879 3161 1896 3186 ‚
1918 3137 1963 3174 at
1979 3126 2116 3191 longe
2134 3144 2160 3174 a
2177 3141 2224 3173 se
2238 3124 2427 3172 distant.

292 3210 420 3257 Aeta
450 3205 544 3259 SS.
562 3210 741 3257 mensis
765 3208 903 3257 Julii
918 3248 930 3270 ,
964 3211 1052 3258 sub
1082 3211 1157 3259 die
1186 3226 1214 3257 2
1241 3210 1326 3259 Ju-
1409 3210 1593 3258 Etenim
1626 3209 1752 3256 ratio
1788 3206 2115 3255 individualis
2157 3208 2207 3253 in
2254 3204 2428 3253 bonam

292 3292 375 3346 lii,
413 3286 441 3355 ὃ
475 3308 531 3339 12
558 3329 571 3350 ‚
609 3290 667 3338 V
663 3291 862 3340 indiciae
880 3330 894 3353 ‚
931 3303 1028 3346 etc.
1116 3332 1121 3341 ,
1409 3304 1583 3358 partem
1606 3292 1753 3355 accipi
1775 3300 1951 3355 potest,
1980 3307 2088 3338 cum
2117 3289 2261 3336 homo
2290 3289 2428 3335 etiam

304 3420 308 3423 .
363 3374 432 3440 (l)
470 3374 610 3423 Cous.
640 3393 755 3440 opus
783 3377 1066 3428 Schelstrate
1098 3375 1171 3425 De
1192 3377 1323 3426 Con·
1408 3374 1707 3424 individualis
1729 3383 1850 3421 recte
1877 3376 2056 3421 ratione
2083 3389 2166 3420 sua
2191 3373 2258 3419 uti
2290 3371 2429 3435 possit

296 3457 431 3506 ciliis
449 3457 812 3507 Constantiensi
823 3468 869 3506 et
881 3444 1158 3508 Basileemi
1176 3463 1226 3508 in
1245 3459 1321 3524 4⁰,
1410 3461 1468 3509 ad
1513 3459 1865 3524 inquisitionem
1912 3459 2145 3514 veritatis,
2174 3464 2220 3504 et
2260 3454 2427 3519 passim

289 3560 378 3590 nec
399 3559 496 3590 non
525 3540 992 3590 Animadversiones
1023 3541 1327 3591 Roncalioeet
1410 3551 1531 3590 recte
1578 3539 1742 3588 eadem
1795 3548 1986 3602 utatur3
2026 3548 2074 3586 at
2113 3537 2428 3585 denominatio

294 3621 486 3685 Mami,
520 3625 581 3673 ad
608 3622 747 3672 Hist.
777 3621 967 3673 Ecclee.
1004 3625 1159 3675 Natal.
1190 3626 1324 3676 Alex.
1409 3625 1611 3692 spiritus
1636 3623 1830 3688 privati
1852 3639 2033 3687 semper
2057 3623 2107 3668 in
2130 3618 2299 3668 malam
2318 3634 2424 3682 par-

293 3709 340 3755 in
369 3708 478 3757 diss.
500 3726 546 3757 ιν
568 3744 583 3770 ,
631 3709 786 3757 saeculi
828 3726 882 3755 xv
918 3719 960 3755 et
994 3726 1071 3756 xvi
1094 3747 1107 3767 ‚
1163 3711 1212 3757 in
1243 3709 1327 3759 de·
1412 3719 1503 3757 tem
1526 3707 1770 3771 accipitur,
1828 3722 1908 3771 pro
1947 3704 2232 3771 oppositione
2261 3717 2429 3765 nempe
