2554 4140
780 206 902 244 oar.
951 204 1016 241 11.
1065 204 1132 238 nu
1175 203 1392 241 umnss,
1439 200 1565 240 BEV.
2148 182 2225 242 29

122 350 368 409 valuisse
398 348 643 430 populos
678 344 1032 406 revelatione
1076 341 1381 400 destitutos
1423 361 1695 419 revocare
1736 339 1809 399 ab
1847 341 1945 401 illa
1978 343 2229 422 generali

123 443 442 503 defectione
483 444 604 504 sive
657 441 802 500 circa
853 436 1077 496 cultum
1133 436 1255 494 sive
1304 435 1451 492 circ-a
1505 456 1734 509 mores,
1784 458 1892 496 nec
1938 438 2228 518 potuisse,

128 539 234 597 etsi
280 538 446 597 enixe
487 538 547 595 id
587 534 937 603 voluissent,
976 550 1083 589 nec
1132 549 1337 610 posse,
1391 528 1499 586 etsi
1543 528 1923 590 vehementer
1961 531 2182 592 vellent
2215 577 2231 606 .,

131 655 201 692 ex
233 633 442 713 triplici
473 627 768 712 proposito
805 625 1069 698 defectu3
1106 645 1241 704 ergo
1274 622 1666 682 necessarium
1694 635 1782 682 est
1814 627 1888 685 ad
1917 627 2028 686 hoc
2066 649 2235 708 praes-

132 727 376 785 tandum
401 723 717 784 subsidium
742 719 980 802 aliquod
1002 730 1163 778 extra
1192 719 1511 776 humanam
1536 717 1931 777 conditionem
1958 723 2234 801 positum,

134 822 290 902 quod
325 818 611 900 triplicem
649 838 836 897 nuper
875 816 1197 897 expositam
1237 814 1633 873 conditionem
1663 834 1780 895 prae
1823 834 1884 872 se
1930 815 2098 874 ferat.
2133 821 2236 876 At-

135 917 234 998 qui
271 915 384 975 tale
426 912 749 972 subsidium
792 934 914 971 esse
967 934 1089 970 non
1135 922 1328 992 potest
1378 910 1491 968 nisi
1537 908 1734 969 divina
1786 912 2240 990 supernaturalis

133 1009 406 1070 revelatio
426 1053 440 1082 ,
469 1029 594 1089 quae
625 1008 743 1067 sola
770 1007 1124 1089 principium
1154 1007 1217 1064 in
1246 1027 1305 1064 se
1336 1005 1599 1063 continet
1639 1014 1770 1063 tum
1809 1005 2051 1063 unitatis
2071 1049 2087 1079 ‚
2113 1017 2243 1066 tum

131 1124 371 1162 summae
408 1103 763 1161 auctoritatis
806 1114 980 1184 atque
1018 1100 1424 1161 efficacissimae
1476 1099 1842 1172 sanctionis3
1896 1120 2030 1179 ergo
2069 1120 2140 1158 ex
2177 1123 2244 1160 eo

130 1198 287 1279 quod
326 1198 486 1257 nulla
529 1199 785 1258 humana
826 1199 1108 1280 sapientia
1161 1218 1225 1256 ac
1271 1196 1556 1254 industria
1597 1194 1844 1276 populos
1890 1194 2245 1256 revelatione

131 1292 436 1352 destitutos
464 1315 734 1354 revocare
765 1293 1012 1353 valuerit
1036 1291 1109 1350 ab
1135 1290 1451 1352 universali
1475 1290 1573 1349 illa
1601 1289 1927 1349 defectione
1950 1291 2070 1352 sive
2098 1291 2246 1351 circa

132 1386 355 1445 cultum
382 1389 504 1449 sive
542 1390 686 1448 circa
721 1409 912 1447 mores
932 1432 948 1460 ‚
979 1391 1112 1465 jure
1146 1408 1381 1445 rursum
1410 1385 1660 1445 infertur
1702 1385 1912 1447 divinae
1942 1406 2007 1445 ac
2040 1408 2247 1469 super-

132 1482 412 1542 naturalis
449 1483 820 1544 revelationis
850 1486 1189 1542 necessitas·

958 1704 1436 1747 DIFFICULTATES.

219 1859 320 1916 78.
369 1857 501 1936 Obj.
545 1879 678 1916 cum
708 1858 957 1915 Ammon
991 1868 1048 1915 et
1093 1856 1544 1935 Wegscheider:
1592 1858 1653 1915 1⁰
1692 1859 2049 1930 Rationem,
2094 1880 2247 1937 qua—

141 1964 310 2011 tenus
367 1974 638 2034 suprema
687 1955 811 2030 ejus
862 1952 1047 2010 virtus
1096 1951 1450 2030 dignoscitur
1497 1952 1558 2011 in
1614 1954 1766 2011 ideis
1820 1953 2245 2034 concipiendiS,

145 2068 384 2129 quaeque
418 2049 541 2130 ipsa
585 2061 739 2107 recte
780 2048 1004 2106 dicatur
1035 2049 1211 2118 idea,
1258 2045 1483 2104 homini
1520 2069 1552 2105 a
1589 2050 1709 2105 Deo
1746 2047 1945 2106 datam
1993 2068 2117 2107 esse
2165 2049 2254 2107 fa·-

145 2142 452 2214 cultatem,
488 2165 609 2201 non
635 2141 954 2216 excultam,
993 2140 1096 2199 sed
1133 2141 1358 2200 assidue
1393 2141 1772 2201 excolendam
1803 2151 2065 2216 constat,
2111 2147 2256 2221 ejus-

142 2258 254 2318 que
280 2237 460 2296 aciem
490 2236 900 2316 adjuvantibus
934 2247 1164 2295 tantum
1197 2236 1370 2295 rebus
1399 2237 1760 2297 faustissimis
1780 2282 1797 2312 7
1832 2259 1864 2298 a
1903 2239 2008 2297 Dei
2040 2239 2249 2298 Provi-

143 2332 343 2392 dentia
390 2331 756 2414 repetendis,
793 2334 872 2391 ita
904 2338 1119 2391 curari
1153 2353 1316 2412 posse
1338 2378 1353 2407 7
1395 2343 1462 2392 ut
1498 2354 1574 2391 ne
1613 2332 1954 2392 obscuretur
1991 2354 2258 2392 errorum

143 2426 422 2487 tenebris,
472 2431 840 2510 Quapropter
878 2430 947 2486 20
995 2428 1476 2508 distinguendum
1524 2440 1612 2489 est
1659 2429 1815 2489 inter
1864 2430 2153 2489 rationem
2193 2431 2257 2488 in

142 2525 438 2583 abstracto
479 2525 629 2582 etin
652 2535 919 2583 concreto
943 2568 967 2596 ,
1006 2524 1095 2582 uti
1131 2523 1374 2599 dicitur,
1415 2525 1741 2604 cogitatam.
1777 2524 1842 2583 30
1877 2527 2079 2607 Neque
2116 2547 2257 2587 vero

146 2618 399 2678 dubitari
438 2629 657 2701 potest,
699 2620 844 2700 quin
878 2620 940 2678 in
981 2618 1155 2678 rebus
1200 2619 1551 2698 gravissimis
1575 2664 1591 2694 ‚
1628 2642 1759 2701 quae
1804 2619 1878 2679 ad
1918 2620 2259 2700 religionem

149 2727 207 2774 et
248 2715 615 2775 honestatem
655 2715 939 2774 tuendam
988 2715 1326 2796 pertinent,
1370 2715 1628 2796 itemque
1671 2715 1735 2773 in
1777 2716 2081 2796 praeceptis
2119 2715 2259 2773 artis

146 2809 340 2890 logicae
371 2831 572 2869 omnes
609 2809 727 2869 fere
770 2809 1252 2892 philosophorum
1290 2810 1500 2869 scholae
1534 2810 1774 2868 mirifice
1813 2810 1968 2868 inter
2013 2831 2073 2869 se
2114 2830 2258 2869 con-

141 2906 422 3003 Jeniantg
458 2917 516 2964 et
550 2907 615 2963 4⁰
652 2906 810 2964 inter
833 2906 984 2987 ipsos
1014 2906 1320 2988 scriptores
1343 2951 1358 2979 .,
1402 2926 1544 2986 quos
1583 2904 1858 2987 profanos
1889 2904 2165 2979 dicimm,
2201 2916 2263 2964 et

154 3021 295 3080 quos
340 3005 560 3079 injuste
607 3011 969 3059 aversantur
1005 3011 1179 3080 atque
1217 3002 1683 3059 calumniantur
1726 3001 2110 3060 tenebrarum
2148 3022 2264 3080 pa·

156 3101 360 3168 troni,
397 3096 556 3155 haud
583 3117 794 3177 paucos
838 3117 960 3155 esse
993 3106 1219 3155 constat
1243 3111 1261 3165 ,·
1306 3096 1406 3176 qui
1442 3094 1746 3177 praeclaras
1778 3095 1852 3155 de
1885 3095 2160 3174 religione
2199 3115 2263 3154 ac

157 3191 371 3250 virtute
405 3192 752 3266 sententias⁷
793 3193 931 3251 Jesu
977 3191 1193 3250 Christi
1230 3191 1473 3250 decretis
1507 3212 1571 3249 ac
1607 3191 1914 3272 praeceptis
1950 3190 2109 3250 haud
2154 3189 2263 3248 ab-

159 3283 373 3344 similes
402 3330 417 3359 ,
446 3285 508 3343 in
544 3286 804 3346 medium
839 3285 1211 3368 protulerint.
1256 3285 1321 3343 50
1365 3288 1576 3345 Contra
1606 3286 1761 3345 inter
1791 3307 1887 3345 eos
1925 3287 2114 3368 ipSOS‚
2163 3284 2267 3366 qui

158 3378 426 3440 eamdem
451 3380 866 3442 revelationem
903 3382 1065 3462 sequi
1099 3402 1159 3440 se
1187 3373 1430 3463 professi
1460 3391 1635 3455 sunt,
1676 3403 1883 3460 magna
1917 3382 2263 3463 opinionum

159 3473 457 3537 diversitas
497 3473 781 3550 obtinuit3
830 3476 896 3534 6ο
932 3497 1039 3535 nec
1075 3475 1173 3535 illa
1214 3476 1586 3537 revelationis
1630 3478 1937 3536 auctoritas
1978 3475 2264 3557 impedire

159 3571 350 3650 potuit
368 3615 384 3643 ,
420 3571 729 3650 quominus
761 3576 882 3650 ejus
908 3571 1134 3631 asseclae
1163 3570 1237 3631 ad
1259 3573 1731 3654 superstitionem
1755 3591 2093 3651 erroresque
2122 3568 2263 3633 alios

159 3686 282 3724 non
319 3667 494 3726 modo
536 3668 763 3750 ineptos
793 3669 895 3730 sed
923 3668 1099 3731 etiam
1132 3667 1480 3750 perniciosos
1522 3666 1955 3729 delaberentur.
1991 3665 2058 3726 70
2096 3662 2265 3739 Quod
