2554 4140
450 193 571 231 car,
616 189 703 229 111.
754 193 824 229 ns
868 190 1000 228 no‘r.
1048 179 1167 227 mv.
1216 190 1286 227 Ao
1329 189 1641 228 SUPERNAT.
1698 186 1827 227 miv.

2128 167 2203 227 61

75 334 293 395 Tullius
342 334 431 413 (l)
480 332 838 405 contemnit,
886 328 1172 389 Lucienus
1225 349 1365 387 vero
1404 329 1492 408 (2)
1532 323 1770 412 irridet,
1830 325 2207 388 Sacerdotum

74 430 372 489 fraudibus
401 430 608 489 eadem
649 427 912 509 plerique
951 421 1294 481 adscribunt
1324 422 1437 501 (3).
1475 425 1650 484 Nulla
1685 436 1970 507 praeterea
2006 424 2210 508 perhi-

76 524 292 592 bentur
332 526 394 582 in
437 524 594 583 falsae
635 519 926 599 religionis
967 516 1438 576 testificationem
1490 517 1700 586 saltem
1738 520 1956 580 directe
2002 520 2156 580 edita
2188 565 2205 596 .‚

76 642 320 702 quaeque
352 618 696 686 naturaliter
732 634 944 694 magna
977 634 1049 672 ex
1081 623 1250 693 parte
1280 611 1562 693 explicari
1591 634 1715 670 non
1745 616 1973 695 possint
2012 615 2123 701 (4).

158 718 292 775 162.
340 715 472 792 Obj.
509 709 779 771 secunda.
822 710 884 766 1ο
920 708 1088 766 Multi
1127 707 1386 766 haeretici
1421 706 1700 765 miracula
1740 719 2092 788 patrarunt,
2140 725 2208 771 ut

75 811 285 871 Paulus
314 808 671 870 Novatianus
692 852 707 881 a
752 816 898 864 teste
930 804 1162 862 Socrate
1198 801 1317 884 (5).
1351 806 1511 881 cujus
1542 799 1812 883 precibus
1852 804 2211 865 Novatiano-
2250 824 2253 829 “

125 977 190 1038 (l)
206 973 286 1022 De
299 973 482 1021 Divin.
499 971 646 1028 lib.n‚
666 989 772 1035 cap.
794 967 1094 1029 38.0m2·tte‚

76 1060 142 1106 sic
168 1055 490 1120 alloquebatur
517 1053 744 1118 Quintum
782 1053 1000 1111 fratrem,
1035 1050 1094 1097 li-

74 1147 209 1186 tuum
250 1135 447 1185 Romuli
469 1174 480 1195 ‚
525 1152 662 1200 quem
689 1136 746 1182 in
777 1136 990 1181 maximo
1022 1134 1100 1180 iu-

73 1206 238 1269 ceuclie
268 1211 414 1283 ueqas
437 1220 649 1284 potuisse
679 1216 925 1272 comburi,
950 1223 1098 1264 cotem

71 1295 234 1351 Attici
254 1301 410 1350 Navii
427 1321 438 1358 3
456 1299 595 1348 *nih-il
617 1299 752 1347 debet
781 1315 877 1347 esse
898 1299 956 1346 in
976 1298 1095 1363 phi-

76 1383 290 1450 losophia
313 1383 501 1448 sabellis
533 1382 643 1434 loci.
681 1406 692 1419 .

146 1466 211 1529 (2)
248 1466 305 1514 In
324 1465 515 1530 Dialogo
536 1502 551 1523 ‚
579 1463 777 1529 Iupiter
798 1461 1097 1526 confutatus,

78 1558 122 1596 et
147 1547 348 1612 Jupiter
371 1545 642 1611 traqoedus,
677 1556 720 1594 et
759 1545 870 1594 alibi
914 1546 1099 1609 passim.

145 1630 205 1693 (3)
245 1630 400 1678 Valer.
421 1629 544 1677 Max.
569 1629 654 1677 lib.
686 1645 721 1686 1,
747 1645 847 1693 cap.
867 1625 928 1684 8,
956 1645 1004 1675 n.
1028 1623 1062 1673 6
1084 1661 1097 1687 ,

71 1711 229 1759 scribit
257 1728 270 1759 ε
299 1710 401 1759 Neo
442 1728 517 1758 me
533 1712 756 1775 praeterit
791 1708 849 1756 de
879 1717 1014 1755 motu
1057 1716 1102 1755 et

76 1809 184 1841 voce
225 1791 421 1839 deorum
472 1789 822 1858 immortalium
868 1789 1100 1836 humanis

17 1920 19 1923 .
81 1874 229 1922 oculis
260 1874 554 1937 auribusque
576 1880 827 1938 percepto,
864 1889 1011 1937 quam
1045 1874 1101 1919 iu

29 2011 34 2015 ι
82 1958 289 2021 ancipiti
322 1957 550 2021 opinione
585 1957 1097 2003 oestimatio'versetur.

81 2037 158 2085 Sic
172 2035 391 2087 Curt.lib.
413 2056 478 2098 iv,
495 2054 660 2102 eap.1,
677 2040 785 2086 circ.
810 2038 896 2084 fin.
920 2039 1101 2100 :Equi-

84 2119 190 2166 dem
207 2119 355 2185 plura
369 2119 634 2167 transcribo
647 2136 791 2182 quam
809 2118 1100 2167 credmNam

81 2217 166 2248 nec
195 2201 432 2265 affirmare
450 2202 662 2248 sustineo
685 2236 699 2263 ,
723 2200 780 2247 ele
800 2201 983 2266 quibus
1011 2201 1100 2248 du·
1127 2219 1132 2223 ·

80 2282 211 2344 bito,
241 2299 328 2331 nec
354 2282 619 2331 subducere
636 2321 649 2343 ‚
680 2300 790 2348 quoe
820 2286 1002 2348 accepi.
1026 2284 1097 2332 Si-

81 2366 212 2414 miles
243 2367 552 2414 confessiones
583 2382 699 2431 saepe
725 2369 1019 2431 reperiuntur
1047 2369 1098 2414 in

79 2447 186 2496 Lib.
216 2448 331 2497 Dec.
357 2466 402 2507 ι,
438 2449 524 2496 lib.
556 2465 572 2495 ι
596 2465 610 2511 3
633 2448 868 2496 Plutarch.
891 2451 941 2495 in
976 2446 1094 2497 Vita

81 2529 294 2579 Romuli.
326 2531 379 2579 ld
407 2534 562 2596 ipsum
584 2532 768 2580 dicatur
795 2532 852 2579 de
879 2533 1097 2596 prodigiis

23 2614 24 2617 ’
79 2611 345 2678 Vespasiani
362 2614 640 2662 etlladriani
660 2631 674 2676 3
698 2631 808 2661 nam
827 2614 1098 2678 Spartianus

75 2697 130 2743 in
158 2694 416 2743 Hadriano
430 2697 566 2744 tradit
584 2696 739 2762 ‚⁸quod
761 2696 933 2744 Marius
962 2697 1101 2748 Max..

79 2794 132 2840 ea
152 2778 316 2827 referat
338 2788 558 2843 tanquam
573 2779 679 2826 ficte
704 2789 877 2843 patrata
896 2814 911 2837 ,
938 2790 982 2827 et
999 2779 1093 2827 Ta-

80 2861 197 2907 citus
240 2864 349 2908 satis
386 2861 561 2908 indicat
603 2878 657 2908 ex
702 2863 1008 2911 assentatione
1044 2865 1095 2910 in

76 2954 254 2989 novum
281 2941 608 3007 Imperatorem
642 2942 979 3008 Vespasionum
1016 2943 1094 2992 illa

81 3022 219 3071 fuisse
250 3027 518 3089 excogitata.
548 3024 640 3073 Sed
661 3042 791 3073 cons.
826 3024 938 3089 Aug.
965 3025 1092 3074 Reu-

82 3121 242 3164 mann,
259 3103 460 3156 Dissert.
481 3108 538 3156 de
554 3108 808 3156 mir'aculis
837 3107 892 3154 V
889 3111 1097 3174 espasia-

82 3187 160 3265 πᾷ,
178 3197 263 3235 etc.
282 3198 397 3237 tom.
414 3206 468 3248 11,
484 3191 566 3238 lib.
584 3205 637 3250 11,
658 3210 702 3256 p.
719 3189 1097 3258 4273Joan.Cle·

82 3271 203 3315 ricus
218 3304 235 3328 ‚
270 3267 326 3316 H
328 3271 400 3317 ist.
426 3271 538 3319 eccl.
560 3275 713 3338 prim.
736 3273 942 3321 'duorum
960 3290 1092 3335 soec„

79 3351 137 3398 ad
153 3369 328 3399 annum
350 3350 441 3400 138
463 3370 477 3416 3
497 3354 600 3403 Jac.
625 3355 800 3416 Serces,
829 3355 999 3404 Traite
1016 3355 1097 3404 des

79 3431 267 3484 miracl.
286 3451 333 3498 p.
354 3432 472 3501 2763
491 3435 719 3485 Moshem.
738 3439 795 3486 in
811 3437 1090 3497 Cudworth‚

77 3523 199 3563 tom.
234 3533 294 3574 ιι,
320 3535 365 3580 p.
407 3515 495 3564 162
515 3552 529 3578 ‚
556 3517 704 3582 Lugd.
733 3519 894 3568 Batav.
932 3537 1091 3586 17723

81 3595 348 3646 Observatio
371 3596 521 3646 Grotii
552 3599 634 3647 De
647 3617 744 3650 ver.
776 3600 910 3666 reliq.
930 3601 1099 3652 christ.

79 3677 166 3727 lib.
206 3696 254 3727 xv
276 3717 290 3740 ‚
325 3698 378 3729 n.
416 3678 468 3728 8.
508 3680 644 3746 ‘Circa
686 3683 805 3731 sacta
843 3684 1106 3751 prodigiosa
1159 3702 1163 3707 ·

80 3757 320 3839 Apollonia
340 3762 515 3813 Tianeo
530 3780 557 3813 a
572 3763 850 3816 Philostrato
878 3776 984 3831 post
1010 3766 1104 3817 duo

1186 969 1367 1015 circiter
1403 951 1566 1014 saecula
1587 964 1808 1022 attributa
1826 1003 1840 1027 ‚
1870 976 1916 1015 et
1931 966 1991 1014 ab
2018 965 2212 1032 Apuleio

1185 1049 1327 1096 relata
1347 1050 1397 1096 in
1413 1047 1579 1095 Asino
1610 1065 1755 1095 aureo
1773 1084 1795 1108 ,,
1822 1049 2003 1097 consuli
2024 1062 2215 1114 possunt

1184 1130 1380 1179 Huetius
1394 1165 1412 1191 ,
1452 1129 1735 1179 Demonstr.
1765 1147 1935 1194 evang).
1974 1120 2109 1195 propss
2131 1149 2175 1179 ix
2195 1168 2210 1194 ‚

1185 1212 1287 1262 Orsi
1307 1251 1320 1273 ‚
1340 1211 1507 1261 Storia
1520 1211 1632 1261 eccl.
1651 1212 1736 1260 lib.
1758 1229 1794 1271 1,
1813 1230 1861 1260 n.
1882 1209 1969 1279 69,
1989 1223 2033 1261 et
2050 1213 2132 1260 lib.
2155 1230 2210 1274 11,

1142 1326 1149 1333 ·
1183 1291 1352 1358 n.'22;
1381 1287 1586 1344 Dissert.
1617 1294 1676 1342 de
1707 1293 1798 1342 Du
1829 1293 1936 1342 Pin
1968 1311 2056 1342 sur
2071 1294 2214 1343 l'lzis-

1164 1373 1302 1425 'toire
1324 1375 1667 1444 d'Apollom‘us
1682 1377 1981 1424 eouvaiucue
1997 1376 2054 1425 de
2068 1378 2211 1442 faus-

1184 1463 1292 1506 sete.

1253 1541 1533 1607 (suffigi-oti
1573 1542 1812 1609 Babylone
1855 1553 1899 1592 et
1945 1543 2132 1593 fortasse
2162 1546 2214 1592 in

1187 1626 1399 1690 pluribus
1418 1626 1519 1675 aliis
1539 1627 1808 1691 regionibus
1827 1629 2036 1690 primum
2062 1628 2111 1674 in
2128 1615 2214 1675 viis

1186 1707 1386 1772 publicis
1423 1709 1778 1773 exponebantur
1798 1746 1811 1769 ,
1839 1720 1890 1757 ut
1917 1715 2210 1758 transeuntes

1185 1789 1507 1851 consulerent,
1529 1801 1573 1839 et
1587 1790 1645 1837 ab
1669 1793 1779 1855 ipsis
1794 1809 1846 1839 ea
1872 1792 2075 1840 remedia
2091 1794 2214 1840 acci⁴

1186 1882 1346 1936 pet-ent
1384 1889 1488 1938 quae
1517 1873 1659 1920 simili
1697 1873 1860 1921 morbo
1915 1873 2092 1921 affectis
2117 1871 2213 1940 jam

1185 1954 1364 2018 pridem
1408 1954 1467 2002 ad
1504 1955 1816 2002 valetudinem
1845 1956 2212 2019 recuperandam

1185 2037 1521 2084 conduxerant.
1545 2036 1747 2102 AEgyptii
1785 2038 1835 2085 in
1871 2038 2043 2101 templa
2072 2036 2210 2086 Sera-

1185 2117 1305 2182 pidis
1327 2124 1374 2165 et
1407 2117 1555 2165 Graeci
1585 2121 1636 2165 in
1668 2118 1840 2184 templa
1859 2118 2108 2184 AEsculapii
2131 2120 2214 2168 de-

1185 2199 1397 2247 serebant
1435 2211 1659 2264 aegrotos,
1707 2210 1754 2250 et
1808 2202 1992 2260 media,
2040 2202 2213 2267 quibus

1184 2285 1329 2330 sanati
1363 2293 1471 2330 sunt
1491 2321 1504 2342 ,
1540 2286 1710 2347 scripta
1743 2285 1792 2331 in
1832 2283 1906 2331 his
1937 2284 2056 2331 fanis
2097 2301 2213 2332 con-

1184 2365 1504 2433 servabantur.
1527 2365 1593 2413 Ex
1606 2366 1684 2422 ,his
1696 2383 1775 2430 per
1788 2368 2119 2430 experientiam
2141 2384 2212 2415 eo·

1183 2449 1319 2512 gnitis
1349 2448 1701 2496 medicamentis
1722 2466 1960 2513 progressu
1992 2451 2212 2514 temporis

1174 2546 1255 2578 >ars
1304 2531 1485 2580 medica
1528 2533 1578 2579 iu
1618 2533 1860 2579 scientiam
1917 2531 2100 2579 redacta
2147 2542 2214 2581 est

1183 2615 1388 2677 primum
1417 2615 1467 2660 iu
1506 2612 1735 2679 AEgypto,
1782 2613 1933 2661 multo
1965 2616 2221 2680 recentiori⁸

1183 2710 1281 2742 aevo
1310 2698 1361 2742 in
1392 2693 1572 2744 Graecia
1594 2732 1607 2753 ‚
1644 2683 1735 2743 etc.
1761 2695 1892 2744 Inter
1921 2694 2143 2743 Hebraeos
2163 2706 2216 2744 ut

1182 2779 1232 2824 in
1262 2776 1454 2842 AEgypto
1485 2788 1529 2825 et
1567 2779 1618 2824 in
1645 2776 1820 2824 Graeeia
1848 2778 2106 2826 sacerdotio
2136 2795 2212 2826 ars

1181 2857 1365 2923 medica
1382 2861 1627 2930 commissa
1647 2859 1753 2925 fuit.
1771 2858 1838 2907 Ita
1855 2858 1993 2907 Jahn.
2020 2897 2034 2918 ‚
2048 2870 2214 2909 *auctor

1172 2959 1278 2990 >non
1288 2952 1522 3007 suspectus
1537 2943 1825 3001 adversariis,
1837 2945 1888 2991 iu
1900 2943 1949 2991 A
1954 2941 2187 3009 rclzoeoloq
2195 2980 2210 2994 .

1183 3021 1209 3090 §
1233 3039 1347 3072 122.
1380 3032 1455 3072 2¹³2.
1474 3025 1604 3087 edit.;
1633 3025 1745 3073 inde
1777 3027 2002 3090 originem
2028 3026 2207 3076 habue-

1183 3117 1293 3154 runt
1308 3107 1634 3173 mythologicae
1653 3106 1741 3155 illae
1763 3107 2049 3156 fictionesde
2070 3125 2207 3158 sana-

1180 3190 1480 3255 tionibusope
1492 3190 1924 3255 AE'seulapii‚1sidis‚
1942 3202 2033 3240 etc.
2055 3192 2206 3240 ethaec
2268 3223 2277 3229 -

1180 3273 1458 3321 cohaerenter
1471 3273 1525 3320 ad
1547 3274 1771 3337 principia
1794 3273 2161 3321 adversariorum
2188 3290 2203 3336 3

1180 3372 1268 3403 nec
1299 3355 1608 3403 omittendum
1637 3355 1755 3403 falso
1784 3359 1920 3404 asseri
1945 3355 2208 3404 Diodorum

1184 3435 1398 3486 Siculum
1417 3430 1505 3485 loc.
1533 3440 1613 3485 cit.
1635 3437 1803 3485 referre
1818 3431 2020 3502 alicujus
2038 3438 2211 3484 mortui

1180 3522 1502 3567 excitationem
1541 3522 1637 3567 sive
1678 3518 1739 3567 ab
1776 3518 2073 3583 AEsculapio‚
2116 3522 2212 3566 sive

1186 3600 1244 3648 ab
1284 3601 1376 3648 alio
1408 3592 1654 3666 peractam.-

1256 3681 1318 3747 (ὅ)
1357 3680 1598 3745 Socrates,
1652 3680 1792 3732 Hine.
1829 3678 1942 3730 eccl.
1989 3680 2074 3731 lib.
2109 3695 2208 3742 vu,

1188 3782 1291 3831 cap.
1312 3781 1391 3831 ¹7·
