2554 4140
675 212 831 249 PnoP.
884 213 940 250 v.
989 212 1056 248 nn
1099 211 1252 249 acci.
1301 210 1532 248 cnam.
2043 181 2157 239 ⁶261

55 351 280 424 verbiS‚
331 375 460 433 quae
499 353 836 412 immediate
877 350 1216 434 praecedunt
1253 372 1267 408 ε
1308 353 1517 434 Quam
1551 352 1848 410 unitatem
1865 389 1889 418 ,
1929 344 2120 425 inquit
2143 386 2158 415 .,

49 449 309 525 firmiter
332 459 522 506 tenere
554 459 609 506 et
632 450 940 507 vindicare
959 446 1236 503 dehemus
1246 474 1269 515 3
1297 448 1574 518 maaimev
1597 445 1926 524 Episcopi,
1958 443 2073 519 qui
2090 442 2160 496 in

52 543 322 601 Ecclesia
336 543 770 621 praesidemus,
794 553 870 600 ut
889 540 1296 620 Episcopatum
1319 539 1755 619 quoqueipsum
1773 559 1956 595 unum
1982 546 2163 616 atque

52 636 370 696 indivisum
415 629 807 716 probemus...
867 626 1270 711 'Episcopatus
1333 653 1494 689 unus
1545 644 1661 703 est,
1727 644 1841 692 etc.
1884 634 2164 711 >lpsemet

56 732 111 789 S.
158 734 378 811 Martyr
402 776 419 805 7
469 729 744 790 scribens
767 727 844 787 ad
886 727 1219 787 Cornelium
1247 772 1263 801 ‚
1324 737 1491 786 vocat
1537 744 1551 782 t
1602 727 1778 784 Petri
1815 726 2164 784 cathedram

54 837 229 906 atque
270 827 602 885 Ecclesiam
634 824 1086 902 principalem,
1135 823 1300 881 unde
1331 821 1523 880 unitas
1557 819 1923 879 sacerdotalis
1962 828 2166 877 exorta

52 921 273 1000 estu).
317 920 469 978 Hinc
502 917 615 977 illae
660 915 1068 976 similitudines
1116 916 1286 990 soliS.,
1326 916 1484 975 unde
1517 913 1698 989 radii,
1746 913 1959 986 fontiS,
2007 912 2166 971 unde

52 1013 258 1090 rivuli,
289 1012 535 1085 arboriS,
563 1011 720 1071 unde
741 1013 890 1070 rami
915 1013 1258 1072 exoriuntur
1280 1058 1296 1087 ,
1334 1011 1546 1094 quibus
1579 1010 1795 1093 passim
1826 1009 1950 1090 ipse
1975 1011 2162 1066 utitur

55 1110 143 1168 ad.
165 1107 418 1167 Ecclesiae
448 1118 720 1166 naturam
755 1118 813 1167 et
849 1108 1134 1167 unitatem
1174 1107 1593 1188 designandam
1618 1107 1728 1186 (2).

139 1200 270 1260 133.
320 1201 405 1260 Ad
439 1203 526 1259 211¹
547 1247 563 1274 ‚
599 1204 758 1260 Dist.
798 1203 919 1260 Hoc
953 1214 1121 1262 erant
1151 1203 1212 1261 in
1243 1202 1526 1283 dignitate
1570 1199 1937 1284 Apostolatus
1960 1221 2026 1259 ac
2055 1220 2164 1280 po-

54 1306 260 1356 testate
280 1297 730 1356 extraordinaria
751 1342 768 1371 .,
805 1318 998 1364 conc.,·
1020 1299 1082 1355 in
1104 1309 1389 1379 potestate
1417 1296 1762 1379 episcopali,
1788 1296 1965 1354 subd.
1993 1292 2169 1352 simul

54 1393 302 1472 sumpti,
351 1412 541 1458 conc.,·
579 1392 821 1451 seorsim
855 1394 1074 1473 sumpti
1106 1438 1122 1465 ,
1168 1416 1298 1472 neq.
1345 1393 1578 1451 Etenim
1618 1391 1712 1450 hic
1755 1393 1814 1449 S.
1845 1390 2167 1472 Cyprianus

56 1507 173 1544 non
203 1485 436 1545 videtur
462 1497 723 1568 spectare
743 1486 854 1545 nisi
877 1485 1063 1545 solam
1101 1487 1448 1567 dignitatem
1474 1485 1840 1565 Apostolatus
1860 1530 1876 1559 .,
1913 1484 2021 1543 sub
2049 1503 2167 1564 quo

56 1594 320 1662 respectu
348 1582 458 1642 dici
494 1594 766 1665 poterant
798 1589 980 1642 ceteri
1000 1583 1256 1666 Apostoli
1280 1586 1452 1644 Petro
1482 1582 1676 1665 aliqua
1703 1583 1929 1641 ratione
1957 1601 2160 1662 pares:,

57 1678 162 1736 etsi
179 1678 239 1736 in
256 1678 363 1737 hac
381 1679 504 1760 ipsa
521 1679 835 1760 dignitate,
854 1684 1022 1757 juxta
1046 1671 1331 1740 ‘eumdem
1356 1680 1713 1762 cyprianum
1734 1723 1750 1753 .,
1778 1687 1970 1737 essent
1995 1678 2167 1734 Petro

55 1771 452 1848 subordinati3
488 1776 757 1856 protinus
797 1777 955 1834 enim
993 1775 1223 1855 suincit
1264 1798 1277 1834 :
1320 1777 1439 1835 Sed
1467 1776 1782 1834 emordium
1820 1775 1899 1831 ab
1936 1776 2169 1830 uisitata

44 1870 452 1946 proficiscitur
466 1912 488 1940 ,
513 1881 569 1928 et
590 1875 905 1949 primatus
933 1873 1109 1931 Petro
1132 1874 1351 1943 datur,
1380 1882 1451 1930 ut
1481 1893 1613 1929 uita
1652 1870 1879 1928 Christi
1899 1868 2171 1928 Ecclesia

55 1973 108 2020 et
127 1965 409 2023 cathedra
434 1987 562 2024 una
586 1978 970 2026 monstretur.
990 1955 1226 2041 Quodsi
1251 1967 1563 2027 adversarii
1587 1963 1950 2025 contendant
1967 2007 1984 2036 a
2009 1961 2171 2042 loqui

59 2059 118 2116 S.
153 2060 466 2139 Martyrem
492 2061 564 2119 de
590 2061 869 2140 dignitate
907 2084 1008 2122 seu
1046 2074 1335 2144 potestate
1370 2061 1716 2144 episcopali,
1754 2072 1895 2118 tunc
1924 2058 2172 2116 dicimus

58 2152 166 2210 sub
211 2153 425 2235 duplici
455 2168 721 2236 respectu
765 2168 892 2216 tum
942 2157 1244 2239 Apostolos
1286 2169 1416 2216 tum
1460 2157 1770 2238 Episcopos
1814 2152 2171 2213 considerari

58 2270 254 2329 posse,
288 2260 572 2331 quatenus
604 2273 820 2333 nempe
857 2274 1040 2310 unum
1069 2253 1433 2312 constituunt
1469 2273 1676 2333 corpus
1716 2261 1775 2310 et
1801 2247 2176 2308 individuum

60 2363 190 2400 cum
227 2366 329 2402 suo
354 2346 543 2426 capite
561 2390 577 2420 ,
619 2357 678 2405 et
711 2358 1003 2428 quatenus
1031 2347 1372 2428 singillatim
1400 2348 1619 2429 sumpti
1649 2345 1959 2426 singularia
1987 2364 2178 2402 mem-

58 2435 162 2496 bra
198 2451 336 2497 sunt
376 2440 635 2517 ejusdem
680 2445 974 2523 corporis3
1019 2443 1126 2501 sub
1176 2443 1370 2524 primo
1419 2454 1686 2523 respectu
1727 2462 1931 2499 omnes
1976 2439 2178 2520 utique

59 2534 182 2613 pari
216 2545 505 2615 potestate
546 2537 779 2618 praediti
819 2549 957 2596 sunt
980 2582 995 2612 ‚
1040 2550 1108 2597 ut
1140 2550 1441 2598 senatores
1478 2539 1540 2596 in
1577 2549 1786 2597 senatu
1821 2535 1930 2596 sub
1965 2546 2024 2594 et
2060 2555 2181 2591 una

59 2650 191 2687 cum
231 2652 335 2688 suo
373 2631 618 2711 praeside
651 2677 668 2706 a
707 2634 807 2713 qui
849 2654 1052 2691 omnes
1099 2634 1355 2712 gaudent
1398 2644 1686 2713 potestate
1729 2651 2038 2712 suprema,
2086 2629 2173 2686 le-

61 2722 318 2799 gislativa
338 2770 354 2800 ‚
386 2736 495 2783 etc.
522 2751 538 2798 ς
579 2725 684 2784 sub
715 2726 899 2785 altero
934 2738 1201 2808 respectu
1239 2726 1463 2785 nullam
1490 2725 1663 2784 aliam
1695 2735 2046 2807 potestatem
2078 2722 2179 2780 ha-

61 2815 240 2893 bent.,
281 2841 458 2900 quam
493 2841 658 2894 eam,
700 2841 830 2901 quae
866 2821 946 2880 eis
989 2812 1327 2880 conceditur
1370 2841 1471 2879 seu
1509 2820 2007 2891 communicatur3
2055 2816 2178 2876 haec

64 2923 259 2987 autem
297 2915 749 2976 extraordinaria
785 2928 1041 2999 potestas
1075 2916 1366 2998 Apostolis
1407 2938 1442 2975 a
1482 2916 1711 2976 Christo
1742 2917 1867 2997 ipso
1908 2914 2044 2973 data
2085 2924 2175 2973 est

66 3027 197 3065 oum
242 3009 715 3070 subordinatione
760 3011 833 3070 ad
873 3015 1111 3071 Petrum
1153 3011 1344 3092 quoad
1388 3003 1764 3085 exercitium,
1810 3022 1877 3068 ut
1913 3009 2176 3091 superius

66 3102 429 3176 notavimus,
457 3106 746 3186 Episcopis
783 3118 980 3165 autem
1018 3107 1210 3188 quoad
1243 3107 1504 3188 proprias
1543 3106 1816 3166 dioeceses
1840 3128 1870 3164 a
1905 3108 2167 3164 Romano

70 3198 343 3258 Pontifiee
375 3200 649 3261 tribuitur
675 3224 739 3262 ac
767 3204 1232 3262 communicatur
1264 3202 1375 3282 (3).

133 3365 194 3427 (Ῑ)
231 3366 381 3431 Epist·
417 3368 517 3419 LV·
1158 3371 1297 3420 Rom.
1325 3369 1473 3433 18243
1503 3381 1545 3419 ct
1581 3370 1741 3419 Petrus
1768 3369 2044 3418 Ballcrinius
2066 3403 2079 3422 ,
2105 3367 2183 3414 De

136 3447 199 3509 (2)
237 3446 316 3495 De
351 3452 473 3498 unit.
511 3449 649 3500 Eccl.
690 3452 777 3501 loc.
816 3457 896 3502 cit.
929 3453 1072 3502 Cons.
1159 3454 1212 3499 vi
1250 3469 1306 3500 ac
1341 3453 1527 3500 ratione
1561 3454 1806 3518 primatus
1847 3451 1983 3498 Rom.
2027 3444 2178 3496 Pone.

67 3530 115 3575 in
133 3529 258 3578 hunc
278 3541 450 3579 textum
472 3531 523 3582 S.
546 3534 769 3599 Cypriani
785 3552 838 3583 ιι.
863 3535 1072 3600 Bolgeni‚
1159 3551 1261 3599 cap.
1306 3533 1362 3581 13
1383 3570 1398 3591 ,
1436 3531 1464 3600 ᾗ
1491 3533 1540 3581 3.

23 3675 33 3680 -
70 3609 118 3656 iu
133 3627 267 3676 opere
283 3616 501 3678 inscripto
518 3613 858 3682 L'Episcopato
876 3655 890 3676 ‚
910 3634 1012 3682 cap.
1028 3633 1074 3674 2,
1228 3616 1294 3676 (3)
1331 3615 1473 3663 Cons.
1492 3615 1778 3671 Momm-elli,
1792 3618 1842 3661 in
1859 3611 2182 3660 Dissertatio-

69 3707 117 3737 n.
155 3709 234 3753 20,
269 3704 314 3744 et
337 3714 441 3761 cap.
465 3695 500 3743 6
524 3735 537 3756 ‚
568 3716 618 3746 n.
651 3695 792 3747 68-et
830 3714 927 3764 seq.
960 3700 1073 3748 edit.
1163 3714 1222 3746 ne
1246 3717 1262 3744 .·
1283 3697 1367 3745 Aa
1388 3696 1619 3746 Summus
1636 3695 1868 3760 Pontifex
1893 3692 2064 3743 habeat
2076 3707 2186 3740 auc-
