2554 4140
311 130 387 188 50
973 149 1041 185 nn
1089 149 1242 187 VERA
1287 151 1411 186 REL.
1463 150 1597 191 Anv.
1646 152 1801 190 men.

304 287 432 355 vim
472 307 526 354 ec
571 296 897 372 efficaciam
930 314 1121 372 quam
1164 293 1254 351 ad
1283 298 1657 373 sapientiam
1701 297 2142 373 explorandam
2184 304 2469 379 prompti

292 403 499 452 ierant.
547 391 630 447 Ita
662 387 748 446 illi
778 410 848 448 ex
879 388 1114 471 tripode
1143 391 1543 470 pronunciant
1569 390 1632 448 in
1668 390 1880 471 quibus
1908 390 2141 453 difficile
2179 407 2267 454 est
2303 396 2456 474 diju-

304 490 528 561 dicate,
565 496 767 544 utrum
796 485 1067 567 impietas
1108 485 1494 564 ignorantiae,
1542 508 1618 545 an
1645 488 1753 545 ista
1795 486 1880 544 illi
1928 487 2270 568 praevaleat,
2313 490 2458 550 dum

300 598 503 644 tamen
540 582 643 640 uni
677 582 787 663 ipsi
821 593 880 640 et
911 581 1066 640 docti
1113 592 1171 640 et
1216 582 1512 663 sapientes
1549 605 1581 641 a
1615 584 1733 641 suis
1769 582 2163 644 celebrentur.

385 679 523 739 128.
573 677 860 757 Oincitur
887 676 1144 736 secundo
1167 699 1301 736 cum
1331 678 1599 760 Spinoza.
1631 679 1981 738 Miraculum
2012 692 2097 740 est
2126 681 2270 763 quid
2295 703 2458 743 exce-

294 775 441 836 dens
480 774 876 856 cognitionem
930 784 1198 832 nostram
1227 818 1242 847 ‚
1295 796 1522 855 nosque
1566 775 1895 856 perducens
1944 777 2005 834 in
2051 778 2454 857 cognitionem

292 873 616 933 existentiae
663 871 767 930 Dei
802 872 895 931 vel
932 869 1172 948 alicujus
1212 870 1302 927 sui
1340 869 1649 945 attributi'3
1687 872 1793 931 sed
1832 895 1955 932 non
2003 885 2089 933 est
2132 876 2445 956 possibile,

274 980 357 1032 ,ut
389 967 451 1027 id
475 1015 491 1043 .,
539 966 700 1050 quod
739 965 967 1026 excedit
1005 966 1400 1056 cognitionem
1441 977 1742 1042 nostram.,
1781 991 1887 1027 nos
1928 970 2213 1052 perducat
2249 973 2310 1031 iu
2356 972 2462 1031 al·-

289 1065 470 1124 terius
506 1065 591 1123 rei
621 1064 1055 1143 cognitionem3
1096 1083 1238 1129 nam
1282 1083 1354 1120 ex
1393 1060 1531 1137 illo,
1580 1063 1739 1143 quod
1780 1066 2010 1150 excedit
2051 1068 2451 1147 cognitionem

291 1173 558 1220 nostram
578 1206 594 1234 a
620 1158 771 1218 nihil
799 1169 996 1240 potest
1020 1158 1256 1231 inferri3
1287 1179 1424 1238 ergo
1448 1158 1810 1239 impossibile
1840 1173 1928 1220 est
1954 1162 2303 1223 miraculum
2334 1166 2445 1243 (l).

286 1296 297 1298 ›-
371 1258 508 1316 129.
562 1259 737 1338 Resp.
760 1258 923 1316 Disc.
956 1256 1037 1313 1m
1042 1266 1217 1335 parc.
1239 1260 1392 1334 maj.
1423 1255 1774 1315 Miraculum
1797 1257 2027 1316 excedit
2050 1261 2450 1340 cognitionem

282 1366 548 1413 nostram
578 1352 773 1436 quoad
796 1352 1042 1412 modum
1063 1398 1079 1427 7
1107 1374 1224 1435 quo
1250 1374 1358 1435 per
1387 1351 1585 1412 divina
1598 1375 1655 1411 m
1684 1354 1965 1413 virtutem
1993 1356 2224 1430 existit,
2250 1378 2449 1431 conc„-

284 1451 481 1533 quoad
510 1450 886 1511 existentiam
915 1451 1005 1508 sui
1040 1461 1099 1509 et
1145 1448 1387 1531 quidem
1417 1471 1522 1533 per
1556 1450 1845 1510 virtutem
1881 1450 2146 1512 divinam
2170 1499 2185 1528 7
2223 1438 2355 1533 neq.
2390 1464 2452 1513 et

279 1554 412 1628 περ.
452 1552 607 1606 min.
646 1569 782 1606 cum
825 1547 943 1605 suis
992 1544 1467 1628 probationibus,
1519 1546 1828 1619 Quomodo
1870 1568 2010 1607 vero
2047 1547 2121 1607 ab
2172 1550 2448 1631 operibus

279 1644 648 1703 naturalibus
678 1642 962 1703 miracula
994 1642 1418 1722 dignoscantur
1441 1688 1456 1716 .,
1502 1663 1573 1702 ex
1615 1643 1770 1701 infra
1809 1642 2072 1703 dicendis
2108 1645 2359 1726 patebit.

366 1741 502 1800 130.
549 1741 837 1819 Objicitur
876 1740 1049 1798 tertio
1078 1738 1152 1798 ab
1193 1761 1492 1819 anonymo
1528 1738 1787 1820 quodam
1819 1740 2123 1800 incredulo
2150 1742 2243 1823 (2)
2288 1765 2300 1798 :
2335 1743 2447 1802 Mi-

279 1837 477 1897 racula
507 1838 569 1897 id
599 1849 739 1897 sunt
768 1838 829 1895 in
857 1837 1066 1896 ordine
1095 1835 1354 1894 naturali
1376 1882 1391 1910 a
1427 1836 1587 1919 quod
1621 1847 1761 1895 sunt
1795 1837 2100 1896 mendacia
2130 1839 2195 1896 in
2239 1838 2447 1899 ordine

278 1935 521 2011 mor-alig
550 1957 702 1994 nam
731 1936 1039 1993 miracula
1064 1944 1212 1992 sunt
1235 1938 1476 1992 violatio
1504 1935 1746 1992 ordinis
1774 1937 2086 1994 naturalis
2103 1960 2123 2002 ,·
2154 1937 2258 1995 sed
2279 1958 2445 1995 men-

278 2033 476 2091 daciis
504 2054 627 2090 ozon
656 2042 739 2089 est
775 2031 1183 2095 credendum,·
1215 2051 1349 2108 erqo
1378 2052 1567 2108 neque
1596 2033 1938 2091 miraculis,
2521 2023 2523 2026 .

365 2126 503 2186 131.
554 2128 729 2208 Resp.
759 2126 913 2206 Neq.
945 2130 1093 2204 maj.
1122 2124 1211 2184 Ad
1237 2124 1405 2184 Proh.
1435 2128 1743 2183 miracula
1770 2137 1918 2184 sun-l
1933 2129 2177 2197 violatio
2202 2114 2445 2194 ordinis·

276 2234 406 2283 nat.
428 2237 454 2296 ,‘
491 2235 602 2283 etc.
641 2222 747 2282 Vel
787 2245 915 2302 neq.
959 2244 1032 2281 ex
1074 2220 1279 2296 dictis7
1322 2220 1601 2279 miracula
1630 2242 1753 2280 esse
1793 2221 2178 2281 violationem
2215 2225 2441 2284 ordinis

277 2319 608 2394 naturalis3
649 2318 743 2380 vel
769 2320 910 2378 dist.
953 2317 1019 2377 Id
1056 2329 1144 2377 est
1166 2363 1181 2392 ‚
1220 2328 1360 2376 sunt
1386 2317 1691 2398 suspensio
1722 2316 1944 2376 ordinis
1984 2316 2212 2399 physici
2251 2319 2440 2380 libere

278 2438 312 2476 a
338 2419 459 2476 Deo
485 2416 634 2475 facta
659 2463 673 2491 ,
723 2432 890 2475 conc.
931 2413 1172 2476 violatio
1208 2415 1444 2496 proprie
1483 2413 1636 2473 dicta
1658 2460 1673 2488 a
1713 2425 1890 2496 prout
1925 2426 2013 2473 est
2058 2415 2438 2476 mendacium

216 2576 218 2578 ,
279 2513 343 2572 in
383 2512 591 2575 ordine
633 2512 842 2571 morali
868 2558 883 2586 ,
924 2534 1055 2592 neq.
1108 2509 1349 2570 Sublata
1394 2511 1595 2592 inepta
1631 2510 1741 2568 hac
1780 2511 2240 2592 aequivocatione
2284 2513 2439 2572 vocis

279 2612 647 2683 violationis,
674 2609 974 2669 evanescit
993 2619 1114 2667 tota
1133 2607 1320 2667 virtus
1346 2606 1630 2689 propositi
1650 2608 2005 2686 argumenti,
2035 2613 2115 2666 ex*
2133 2629 2250 2690 quo
2267 2629 2436 2690 aeque

279 2729 609 2789 anonymus
630 2706 847 2765 inferre
871 2703 1196 2788 potuisset,
1227 2699 1506 2763 miracula
1532 2724 1655 2762 esse
1677 2716 1929 2782 peccata
1945 2748 1967 2775 ,
2001 2715 2177 2786 prout
2198 2716 2435 2787 peccata

280 2815 420 2863 sunt
451 2802 756 2864 mendacia
782 2801 893 2883 (3).
928 2800 1199 2876 Accedit,
1234 2799 1399 2882 quod
1430 2799 1668 2860 violatio
1691 2799 1915 2859 ordinis
1947 2799 2179 2859 moralis
2216 2800 2435 2882 impor-

349 3026 416 3092 (l)
454 3027 547 3076 Ubi
569 3029 735 3092 pariter
764 3027 1025 3076 notandum
1047 3064 1058 3085 ‚
1088 3027 1193 3075 aliis
1208 3044 1311 3075 ver·
1397 3025 1504 3074 dem
1528 3028 1626 3092 jam
1654 3035 1955 3091 proposuerat
1986 3024 2224 3072 Rousseau
2248 3061 2260 3083 ‚
2309 3023 2435 3089 apud

279 3110 384 3171 bis,
426 3098 484 3160 ut'
509 3111 692 3170 solent,
728 3110 945 3159 eamdem
987 3107 1313 3157 difficultatem
1397 3107 1598 3173 Bergier‚
1628 3108 1799 3156 Traite
1812 3107 1926 3157 hist.
1945 3117 2061 3155 tom.
2079 3104 2166 3172 v‚§
2192 3103 2358 3169 14‚ch.
2380 3121 2432 3154 α.

280 3193 590 3242 rationalistas
619 3193 833 3241 refricare
859 3230 872 3250 ,
908 3192 1024 3241 dum
1053 3194 1186 3257 ajunt
1210 3208 1223 3239 :
1251 3187 1317 3239 Si
1468 3191 1600 3255 (mla
1618 3190 1798 3238 Βίαν-ἑο
1815 3188 2047 3238 [iterator.
2068 3185 2246 3236 Pisan.
2268 3198 2431 3247 tom.v‚

280 3292 419 3324 nemo
453 3276 696 3342 ejusmodi
738 3277 1033 3343 effectionem
1070 3276 1316 3337 (miracw
1401 3284 1487 3322 art.
1511 3275 1559 3334 3,
1581 3293 1687 3339 pag.
1711 3270 1793 3320 88.

281 3360 406 3420 lum)
435 3361 577 3407 certis
607 3359 763 3423 siquis
798 3374 1078 3422 coqnoscere
1124 3366 1317 3423 potest,
1476 3357 1542 3422 (53)
1583 3357 1930 3420 Impugnarunt
1972 3354 2277 3403 Benedictum
2326 3351 2434 3417 Spi-

280 3460 342 3490 ne
355 3451 469 3509 apta
483 3441 677 3507 quidem
691 3450 759 3489 est
772 3441 993 3491 Numim'
1007 3440 1316 3506 divinopate-
1404 3458 1518 3488 noza
1532 3458 1584 3487 ex
1601 3438 1866 3487 orthodoxis
1885 3436 2066 3486 Calmet
2083 3441 2132 3484 in
2147 3436 2357 3484 Dissert.
2376 3433 2433 3482 de

272 3525 506 3590 faciendo
523 3564 535 3584 ‚
563 3527 741 3591 quippe
761 3541 865 3589 quoe
882 3517 1126 3571 hominem
1143 3526 1196 3571 in
1215 3542 1317 3572 am-
1404 3519 2003 3586 verisfictisqueprodiyiis
2024 3557 2037 3580 ‚
2060 3536 2161 3585 quae
2184 3527 2252 3566 est
2282 3518 2432 3581 prima

278 3608 423 3672 ῥίφω
444 3608 686 3674 relinquat
702 3624 814 3667 ‚nec
833 3616 1014 3655 certam
1036 3623 1254 3671 unquam
1271 3608 1318 3653 ei
1400 3608 1518 3652 inter
1564 3622 1638 3652 eas
1684 3621 1798 3668 quas
1834 3604 2051 3667 praemisit
2073 3599 2132 3649 ad
2165 3597 2431 3647 Comment-

265 3693 634 3757 persuasionem
650 3688 1315 3757 inderepossz't.(ibid).Eam-
1400 3691 1451 3737 in
1471 3686 1657 3750 Exod.;
1692 3685 1893 3736 Michael
1924 3684 2091 3734 Vassor
2109 3720 2122 3744 ‚
2158 3687 2269 3732 ante
2297 3698 2431 3731 suam
