2554 4140
418 171 541 208 cu.
589 170 667 210 lv.
716 170 783 205 nn
827 167 1008 205 nxlsr.
1058 144 1179 206 mv}
1228 166 1299 203 Ac
1342 165 1650 205 sumnum.
1700 164 1834 202 ΜΠ.
2068 141 2192 201 135

67 333 252 392 usque
279 312 365 371 ad
386 313 686 371 barbaras
718 314 986 371 nationes
1026 307 1313 365 Ecclesiae
1337 308 1769 384 pullularunt,
1808 309 1865 364 si
1898 313 1979 375 tot
2000 308 2189 383 juve-

69 431 219 469 num
247 420 300 466 et
326 413 640 488 virginum
665 407 864 465 millia
885 404 1395 468 contemnentium
1423 407 1676 479 nuptias
1702 411 1973 479 casteque
1995 405 2192 460 viven-

67 507 226 563 tium
240 508 385 582 jam
419 523 590 561 nemo
620 505 932 564 miratur-5
959 496 1124 575 quod
1146 515 1289 553 cum
1315 497 1554 572 fecisset
1585 496 1760 554 Plato
1782 539 1805 568 ‚
1835 517 2018 575 usque
2042 496 2187 555 adeo

57 621 409 680 perversam
441 608 774 676 temporum
797 587 1050 652 suorum
1073 593 1284 648 timuit
1306 592 1651 667 opinionem
1665 631 1690 661 ,
1713 601 1781 648 ut
1793 592 2198 669 perhibeatur

67 697 429 774 sacrificasse
457 701 695 750 naturae
715 733 732 762 ,
769 697 840 746 ut
871 697 1171 765 tanquam
1195 694 1514 764 peccatum
1539 684 1700 741 illud
1719 685 2098 753 aboleretur3
2133 691 2196 745 si

67 791 192 849 lioec
206 793 293 849 sic
308 789 735 866 accipiuntur,
757 793 831 840 ut
847 782 1136 861 quomodo
1155 790 1334 839 antea
1352 780 1505 838 talia
1527 780 1880 857 disputare,
1909 784 1997 838 sic
2021 803 2188 841 nunc

66 897 276 944 contra
317 883 627 960 disputare
660 888 1110 937 monstruosum
1144 880 1226 935 sit
1237 901 1261 950 ,-
1307 878 1366 934 si
1403 876 1517 933 tali
1540 875 1979 954 pollicitationi
2019 886 2197 954 atque

65 981 375 1060 sponsioni
397 995 509 1053 per
534 995 734 1033 omnes
763 984 1076 1032 terrarum
1110 981 1321 1051 partes
1342 1013 1365 1042 ,
1403 992 1554 1049 quas
1590 969 1856 1027 homines
1884 970 2198 1041 incolunt,

64 1094 241 1132 sacra
261 1072 604 1130 christiana
636 1070 974 1127 traduntur
992 1091 1015 1136 ,·
1040 1072 1100 1126 si
1127 1068 1251 1126 boec
1290 1068 1554 1146 quotidie
1582 1067 1872 1146 leyuntur
1895 1067 1967 1122 in
1993 1065 2196 1123 Eccle-

63 1173 173 1228 siis
209 1179 264 1227 et
305 1191 346 1228 a
391 1167 811 1225 Sacerdotibus
852 1175 1246 1245 exponuntur
1258 1188 1278 1231 ,-
1323 1168 1382 1222 si
1420 1165 1698 1223 tundunt
1747 1172 2031 1243 pectora,
2088 1164 2203 1240 qui

63 1274 369 1323 conantur
383 1263 504 1322 boec
521 1263 800 1340 implere3
824 1264 879 1319 si
903 1271 1030 1319 tam
1057 1261 1541 1319 innumerabiles
1565 1259 2016 1340 a99rediuntur
2040 1258 2203 1316 banc

64 1365 228 1418 viam
248 1402 271 1430 ,
312 1368 419 1429 ut,
454 1359 700 1416 desertis
737 1338 976 1415 divitiis
1004 1365 1059 1413 et
1093 1357 1424 1414 bonoribus
1452 1356 1637 1434 liujus
1671 1355 1898 1413 mundi
1929 1364 1987 1412 et
2029 1356 2201 1412 omni·

65 1456 383 1513 bominum
401 1474 610 1533 yenere
625 1497 643 1527 ,
671 1457 796 1510 uni
811 1453 935 1511 Deo
955 1472 1190 1510 summo
1207 1462 1391 1511 totam
1421 1451 1841 1511 vitam'dicare
1867 1451 2195 1509 volentium

65 1551 302 1609 desertae
329 1548 637 1627 quondam
671 1548 890 1607 insulae
917 1568 990 1606 ac
1018 1549 1362 1614 multarum
1398 1557 1711 1606 terrarum
1746 1547 2000 1606 solitudo
2033 1566 2194 1604 com—

54 1646 335 1723 pleatur;
359 1647 418 1701 si
437 1644 691 1722 denique
712 1664 827 1723 per
849 1644 1025 1702 urbes
1047 1653 1225 1723 atque
1244 1644 1469 1723 oppida
1483 1687 1502 1718 ‚
1531 1647 1686 1701 vicos
1706 1652 1763 1701 et
1780 1663 1956 1722 aqros
1981 1644 2195 1712 etiam,

62 1740 349 1817 villasque
367 1743 650 1818 privatas
673 1744 743 1797 in
766 1749 1009 1797 tantum
1021 1739 1436 1818 persuadetur
1454 1748 1511 1797 et
1533 1740 1846 1818 appetitur
1868 1759 1909 1796 a
1938 1740 2196 1795 terrenis

63 1837 292 1893 aversio
320 1845 376 1892 et
394 1839 463 1892 in
485 1855 685 1892 unum
716 1839 910 1892 Deum
936 1855 1268 1913 verumque
1301 1837 1603 1893 conversio
1625 1878 1642 1908 ‚
1684 1843 1757 1891 ut
1788 1833 2052 1912 quotidie
2079 1854 2198 1912 per

64 1934 420 1994 universum
450 1931 650 1988 orbem
688 1936 1032 1989 humanum
1062 1953 1256 2011 yenus
1295 1953 1426 1990 una
1447 1952 1603 2010 pene
1632 1951 1776 1990 ‘voce
1810 1930 2198 2010 respondeat,

68 2047 300 2084 sursum
341 2024 514 2084 corda
549 2047 610 2086 se
649 2025 867 2085 habere
913 2026 989 2085 ad
1034 2027 1388 2101 Dominum,
1434 2028 1590 2106 quid
1626 2028 1828 2086 adbuc
1870 2029 2196 2085 oscitamus

62 2122 383 2200 crapulam
429 2120 765 2180 hesternam
811 2132 870 2180 et
910 2126 978 2179 in
1025 2127 1284 2181 mortuis
1320 2123 1662 2202 pecudibus
1702 2123 1914 2181 divina
1957 2122 2193 2201 eloquia

50 2214 635 2296 perscrutamurfl...
675 2217 800 2296 Qui
834 2217 1062 2276 bonum
1095 2229 1151 2276 et
1175 2219 1571 2297 appetendum
1595 2221 1909 2298 fatentur,
1952 2205 2196 2297 coqnos—

61 2323 207 2370 cant
235 2313 436 2372 Deum
467 2323 522 2370 et
546 2313 766 2371 cedant
787 2315 912 2372 Deo
929 2356 954 2385 ,
975 2335 1095 2393 per
1121 2334 1299 2392 quem
1318 2315 1567 2394 populis
1582 2318 1730 2393 jam
1757 2313 2043 2385 omnibus
2077 2312 2200 2371 baec

63 2409 360 2467 credenda
378 2430 681 2487 persuasa
716 2420 884 2469 sunt.
939 2456 941 2458 .

148 2503 288 2563 335.
340 2504 501 2564 Alter
547 2526 686 2565 vero
729 2504 992 2583 ejusdem
1030 2507 1090 2566 S.
1139 2506 1402 2566 Doctoris
1453 2506 1614 2565 locus
1659 2504 1965 2566 desumtus
1998 2514 2086 2564 est
2127 2525 2200 2563 ex

58 2599 165 2660 lib.
195 2601 245 2659 Ι.
272 2602 363 2660 De
396 2602 669 2659 moribus
698 2602 979 2662 Ecclesiae
995 2600 1109 2682 (1),
1135 2602 1198 2660 in
1228 2623 1343 2683 quo
1369 2602 1452 2660 ita
1475 2601 1818 2681 religionem
1842 2601 2030 2682 ipsam
2053 2598 2200 2657 allo-

61 2696 260 2777 quitur
305 2717 318 2753 :
376 2697 472 2755 Tu
499 2698 828 2775 pueriliter
856 2718 1116 2776 pueros,
1156 2700 1403 2776 fortiter
1423 2702 1718 2775 juvenes,
1757 2700 1952 2774 quiete
1991 2715 2154 2752 senes
2178 2737 2196 2768 ,

51 2801 244 2871 prout
255 2796 544 2871 cujusque
561 2812 679 2849 non
698 2797 964 2872 corporis
986 2803 1227 2851 tantum
1244 2838 1261 2868 ,
1285 2794 1388 2852 sed
1397 2803 1450 2852 et
1464 2797 1669 2851 animi
1682 2803 1826 2850 aetas
1841 2802 1953 2862 est,
1972 2811 2201 2849 emerces

63 2897 120 2946 et
143 2889 341 2955 doces,·
374 2898 441 2946 tu
468 2890 757 2966 foeminas
786 2893 937 2948 viris
973 2896 1103 2950 suis
1124 2933 1145 2962 ,
1186 2911 1307 2954 non
1339 2891 1425 2948 ad
1451 2889 1810 2970 explendam
1839 2888 2193 2964 libidinem,

68 2984 170 3041 sed
193 2985 279 3041 ad
304 2985 775 3063 propagandam
813 2986 1078 3064 prolem,
1119 2996 1174 3043 et
1205 2987 1290 3044 ad
1321 2989 1416 3043 rei
1442 2986 1791 3063 familiaris
1822 2987 2195 3055 societatem,

70 3088 233 3135 casta
263 3088 317 3135 et
342 3079 510 3156 fideli
544 3080 882 3139 obedientia
909 3082 1159 3159 subjicis
1177 3104 1196 3146 ,·
1229 3091 1297 3139 tu
1324 3084 1482 3140 viros
1524 3082 1921 3161 conjuqibus‚
1959 3101 2082 3137 non
2121 3079 2209 3136 ad

71 3173 455 3231 illudendum
497 3176 942 3234 imbecilliorem
984 3187 1192 3235 sexum
1209 3219 1230 3248 ,
1288 3177 1391 3234 sed
1428 3180 1656 3235 sinceri
1697 3181 1927 3236 amoris
1969 3176 2197 3254 legibus

69 3269 365 3346 proeficis;
390 3279 456 3326 tu
463 3272 827 3349 parentibus
835 3271 993 3350 filios
1015 3272 1207 3331 libera
1231 3272 1502 3351 quadam
1530 3275 1811 3332 servitute
1838 3273 2161 3351 subjunyis
2181 3291 2202 3334 ‚⁰

145 3500 214 3563 (l)
251 3496 367 3564 Cap.
401 3501 464 3548 30
491 3534 508 3562 ‚
533 3518 584 3549 n.
604 3499 849 3552 63.C0ns.
878 3503 1095 3552 Tableau
1177 3487 1435 3552 Eoritures
1456 3543 1469 3565 ‚
1510 3523 1591 3570 par
1630 3505 1718 3554 Mr.
1759 3505 1910 3555 l'abbe
1945 3504 2080 3552 Frere
2099 3538 2112 3562 ‚
2154 3503 2205 3551 in

81 3582 359 3647 synoptique
378 3589 635 3631 contenent
667 3583 967 3650 l’exposition
978 3585 1034 3633 de
1050 3584 1097 3633 la
1181 3585 1461 3635 Annalibus
1490 3590 1570 3637 cit.
1603 3599 1688 3636 art.
1711 3585 1779 3652 46
1800 3625 1815 3650 ‚
1846 3586 1910 3635 30
1927 3586 2052 3635 Avril
2071 3623 2087 3648 ‚
2106 3595 2198 3636 art.

83 3661 297 3712 doctrine
339 3664 600 3729 renfermee
643 3665 765 3715 daus
813 3666 877 3715 les
920 3668 1100 3715 saintes
1183 3667 1422 3718 Doctrine
1452 3670 1746 3720 cbretienne.
