2554 4140
320 29 441 90 234

947 52 1015 87 DE
1057 50 1207 90 VERA
1250 53 1367 91 REI..
1415 54 1547 92 Anv.
1597 55 1802 93 amna.

323 197 464 269 Quae
491 192 719 253 oracula
736 237 752 267 ,
783 192 1008 276 aliaque
1029 195 1313 273 ejusmodi
1334 241 1350 270 .‚
1393 217 1624 278 semper
1652 195 1899 256 Ecclesia
1925 197 2212 262 intellexit
2241 203 2315 265 de
2339 206 2435 263 in-

322 287 637 350 defectibili
673 289 762 348 sui
797 287 1169 351 subsistentia
1205 304 1266 352 et
1291 291 1704 352 infallibilitate
1736 292 1846 352 sibi
1883 315 1916 352 a
1953 293 2186 356 Christo
2217 299 2436 360 tributa

326 406 509 466 usque
533 383 609 444 ad
636 384 845 445 mundi
876 386 1080 447 finem.
1129 389 1209 449 Ac
1251 388 1498 470 proinde
1541 388 1787 449 Ecclesia
1831 387 2044 450 Christi
2068 435 2086 465 ,
2132 402 2198 451 ut
2239 414 2440 456 neces-

322 480 472 540 sario
513 501 580 540 ac
610 491 821 540 natura
850 503 952 541 sua
997 504 1115 542 una
1151 495 1240 543 est
1271 504 1336 543 ac
1364 482 1604 546 visibilis
1630 529 1644 558 7
1686 484 1767 544 sic
1807 486 2126 545 necessario
2156 499 2442 570 perpetua

322 596 395 635 ex
424 575 640 638 Christi
668 578 1037 640 institutione
1062 590 1150 640 est
1174 591 1350 661 atque
1378 579 1803 640 indefectibilis

406 672 506 732 66.
554 673 641 735 Ex
678 673 845 734 dictis
878 675 1173 757 sequitur,
1213 677 1277 734 1ο
1313 697 1446 735 cum
1482 676 1745 736 Christus
1779 677 1992 737 unitati
2029 688 2264 737 tantum
2290 699 2445 760 prae-

323 769 614 849 rogativas
649 791 854 832 omnes
888 770 1163 832 tribuerit
1197 782 1329 831 tum
1370 773 1724 834 auctoritatis
1744 818 1760 847 ,
1807 783 1936 832 turn
1979 773 2403 835 infallibilitatis
2424 817 2442 850 ‚

322 874 436 924 etc.
462 908 483 933 ,
518 862 625 925 has
662 864 830 926 nullo
863 865 1040 927 modo
1077 866 1321 948 privatis
1349 865 1688 928 hominibus
1724 881 2076 951 competere.

406 960 507 1021 67.
555 961 827 1041 Sequitur
865 962 935 1020 20
967 960 1072 1019 has
1116 961 1305 1021 multo
1341 961 1539 1021 minus
1573 962 1866 1024 vindicare
1904 964 2014 1025 sibi
2055 987 2223 1046 posse
2261 975 2451 1026 sectas

326 1054 614 1135 quaslibet
643 1067 778 1114 utut
805 1056 1305 1115 numerosissimas
1325 1101 1341 1130 ,
1382 1077 1514 1137 quae
1537 1055 1862 1118 identidem
1886 1059 1959 1118 ab
1991 1061 2215 1120 unitate
2253 1082 2445 1120 reces-

324 1161 565 1225 serunt,
604 1171 846 1232 quaeque
890 1151 1140 1230 spectari
1189 1149 1411 1212 debent
1454 1151 1638 1212 veluti
1681 1151 1927 1213 totidem
1969 1156 2118 1214 rami
2158 1177 2193 1214 a
2234 1176 2448 1235 magna

324 1243 537 1307 arbore
564 1245 775 1320 excisi,
812 1267 878 1307 ac
921 1245 1105 1306 veluti
1142 1246 1317 1307 rivuli
1350 1268 1384 1306 a
1418 1247 1581 1307 fonte
1616 1248 1868 1329 separati
1904 1258 1965 1309 et
1997 1248 2268 1327 disjuncti
2291 1295 2308 1324 .,
2355 1271 2451 1310 ve-

324 1340 435 1401 luti
472 1341 739 1403 membra
781 1365 814 1403 a
851 1343 988 1405 vivo
1026 1364 1272 1427 corpore
1313 1355 1537 1403 exsecta
1564 1388 1581 1419 ,
1626 1355 1695 1402 ut
1733 1344 1920 1404 sancti
1954 1344 2214 1404 Ecclesiae
2249 1345 2450 1405 Patres

324 1437 541 1520 passim
564 1438 920 1519 loquuntur,
957 1461 1021 1499 ac
1045 1438 1373 1520 praesertim
1401 1440 1458 1498 S.
1489 1439 1814 1521 Cyprianus
1843 1440 1965 1521 (l)3
1993 1440 2241 1524 ideoque
2269 1451 2452 1503 sectas

326 1555 520 1593 carere
553 1534 676 1595 vita
707 1536 985 1618 omnique
1017 1536 1151 1596 vitae
1186 1535 1474 1618 principio
1497 1533 1611 1617 (2).

410 1629 507 1689 68.
556 1631 829 1713 Sequitur
865 1629 932 1690 30
969 1631 1262 1691 somniare
1292 1654 1532 1714 prorsus
1575 1653 1672 1691 eos
1709 1653 1945 1707 omneS‚
1991 1633 2127 1716 qui,
2173 1632 2249 1693 ad
2284 1654 2450 1693 suam

328 1724 830 1788 cohonestandam
849 1726 1235 1788 defectionem
1272 1727 1347 1787 ab
1377 1726 1659 1803 Ecclesia,
1694 1726 2022 1796 obtrudunt
2049 1728 2243 1788 nescio
2275 1750 2453 1811 quam

324 1820 682 1883 invisibilem
718 1824 1142 1885 successionem
1178 1835 1239 1884 et
1289 1824 1767 1883 communionem
1806 1845 1941 1884 cum
1967 1826 2140 1903 justis
2174 1825 2197 1905 (
2227 1823 2290 1883 id
2325 1837 2412 1885 est
2436 1870 2457 1901 ‚.

330 1917 656 1999 haereticis)
693 1920 958 1979 omnium
991 1921 1424 2002 praeteritorum
1455 1931 1826 2003 temporum,
1862 1942 1933 1981 ex
1975 1919 2186 2003 quibus
2218 1932 2454 1980 tantum

327 2035 466 2074 vera
499 2014 747 2075 Ecclesia
775 2038 809 2075 a
835 2015 1063 2076 Christo
1090 2016 1356 2075 instituta
1374 2021 1541 2094 juxta
1574 2012 1728 2099 ipsos
1758 2027 1986 2076 constat
2012 2016 2123 2099 (3).

393 2235 463 2298 (1)
503 2233 725 2284 Ecclesia
741 2253 839 2284 una
852 2244 922 2284 est
938 2274 952 2298 ‚
985 2239 1138 2303 inquit
1154 2235 1350 2285 Sanctus

328 2318 507 2384 Max-tyr
544 2318 668 2383 (lib.
704 2318 786 2367 De
824 2321 1016 2367 unitate
1047 2318 1347 2381 Ecclesiae),

327 2420 435 2469 quoe
445 2405 500 2452 in
513 2402 877 2452 multitudinem
894 2402 1043 2451 latius
1057 2404 1352 2451 incremento

325 2486 651 2551 fecunditatis
665 2486 959 2535 extenditur.
979 2484 1226 2550 Quomodo
1240 2484 1354 2533 solis

330 2570 474 2620 multi
488 2570 642 2631 radii,
661 2570 745 2620 sed
766 2569 930 2619 lumen
943 2587 1099 2618 unum
1116 2606 1134 2633 ‚
1173 2578 1215 2618 et
1226 2572 1357 2619 rami

333 2655 525 2704 arboris
544 2653 687 2702 multi
707 2692 722 2715 ‚
750 2653 832 2701 sed
847 2653 995 2702 robur
1013 2670 1171 2702 unum
1195 2654 1357 2702 tenaci

330 2737 496 2786 radice
511 2736 779 2803 fundata-m
796 2754 817 2798 ,·
846 2744 889 2784 et
912 2753 1024 2784 cum
1044 2735 1103 2785 de
1109 2736 1245 2801 fonte
1258 2752 1355 2784 uno

333 2821 436 2868 rivi
441 2819 656 2886 plurimi
667 2819 895 2883 defluunt
912 2857 928 2880 ‚
954 2819 1276 2868 numerositas
1290 2817 1355 2867 li-

331 2910 404 2950 cet
424 2901 608 2968 diffusa
631 2901 859 2951 videatur
888 2901 1182 2951 exundantis
1205 2903 1356 2967 copioe

331 2984 553 3050 larqitate
574 3022 587 3045 ,
614 2986 782 3033 unitas
828 2993 988 3034 tamen
1036 2993 1257 3033 servatur
1299 2986 1355 3033 in

332 3069 540 3133 oriqine.
555 3065 607 3115 A
612 3066 730 3116 velle
741 3067 938 3115 radium
956 3067 1068 3116 solis
1083 3085 1115 3116 a
1132 3084 1324 3133 corpore
1340 3103 1353 3127 ‚

334 3148 626 3198 divisionem
647 3148 770 3199 lucis
787 3152 956 3198 unitas
976 3167 1077 3198 non
1105 3152 1255 3216 capit.
1271 3150 1320 3200 A
1324 3150 1353 3198 b

336 3231 502 3280 arbore
524 3231 700 3296 franqe
727 3249 919 3281 ramum
941 3271 954 3293 ,
968 3233 1155 3297 fractus
1173 3234 1353 3298 qermi-

336 3332 454 3362 reare
479 3330 581 3363 non
608 3322 780 3379 potest.
818 3315 867 3363 A
891 3315 1026 3380 fonte
1043 3316 1256 3381 proecide
1287 3317 1358 3363 ri-

337 3402 473 3462 vum,
492 3399 726 3464 proecisus
751 3400 942 3449 arescit.
965 3398 1049 3446 Sic
1067 3407 1111 3447 et
1138 3398 1361 3448 Ecclesia

341 3482 580 3545 Domini,
616 3492 706 3530 etc.
729 3480 857 3530 Edit.
884 3480 1036 3530 Maur.
1071 3501 1118 3548 p.
1158 3482 1271 3548 195·

407 3564 481 3627 (2)
514 3564 577 3614 Ut
603 3566 717 3614 rami
736 3564 916 3614 dissecti
940 3602 953 3625 ,
978 3564 1094 3614 radii
1119 3583 1145 3613 a
1178 3565 1272 3614 sole
1290 3565 1361 3614 di-

1435 2237 1521 2284 visi
1544 2274 1557 2297 ‚
1574 2246 1663 2285 etc.
1681 2235 1804 2284 Hinc
1819 2235 2124 2285 concludebat
2137 2235 2260 2284 idem
2277 2234 2456 2285 S.Doc-

1435 2329 1506 2368 tor
1543 2335 1556 2366 :
1599 2316 1749 2370 Hanc
1781 2319 2016 2366 unitatem
2056 2318 2144 2382 qui
2172 2334 2270 2366 non
2296 2325 2421 2366 tenet
2438 2355 2453 2373 ,

1434 2416 1533 2448 non
1559 2407 1690 2448 tenet
1704 2401 1877 2448 Patris
1894 2408 1941 2447 et
1953 2398 2086 2447 Filii
2105 2399 2254 2463 fidem
2272 2436 2286 2458 ,
2304 2402 2456 2448 vitam

1433 2498 1531 2530 non
1561 2490 1685 2530 ten-et
1705 2491 1751 2530 et
1778 2481 2010 2544 salutem,
2039 2482 2160 2532 ibid.
2195 2501 2300 2548 pag.
2342 2480 2454 2548 196.

1436 2565 1727 2631 Impossibile
1764 2576 1836 2615 est
1871 2576 1924 2615 ut
1974 2568 2153 2615 sectarii
2187 2566 2353 2615 oculos
2406 2569 2456 2615 in

1435 2658 1700 2697 sanctorum
1716 2648 1933 2698 Ecclesiae
1947 2649 2134 2697 Pan-um
2157 2651 2326 2715 scripta
2341 2666 2452 2698 con·

1431 2732 1600 2794 jiciant
1617 2766 1633 2792 ,
1660 2742 1705 2780 et
1731 2731 1856 2780 illico
1876 2748 1973 2780 non
1993 2734 2235 2781 inveniant
2255 2733 2454 2796 propriae

1436 2825 1568 2864 sectae
1596 2815 1965 2865 damnationem.
1999 2815 2061 2863 At
2100 2817 2190 2880 ipsi
2218 2817 2461 2880 sapientis-

1437 2900 1583 2948 simos
1610 2899 1767 2949 Patres
1798 2906 2109 2949 contemnunt
2132 2935 2148 2960 ,
2164 2917 2253 2949 nec
2269 2900 2457 2948 illorum

1437 2982 1583 3030 ullam
1598 2984 1822 3033 rationem
1834 2983 2028 3034 habent.
2050 2983 2145 3049 Ipsi
2163 2984 2360 3032 viderint
2385 3021 2399 3044 ‚
2421 2985 2460 3031 si

1439 3082 1597 3115 coram
1618 3064 1716 3114 Deo
1734 3074 1863 3113 tanta
1879 3068 2146 3115 animorum
2163 3066 2353 3116 audacia
2380 3083 2459 3116 eos

1439 3151 1811 3209 excuset3etiam
1839 3159 2014 3199 veteres
2040 3150 2269 3209 haeretici,
2297 3161 2349 3200 ut
2381 3168 2456 3199 re·

1440 3231 1527 3280 fert
1541 3228 1591 3279 S.
1612 3231 1834 3290 Irenaeus,
1853 3230 1939 3280 lib.
1958 3248 2032 3292 111,
2048 3231 2228 3281 Contra
2240 3231 2436 3281 laoereses
2454 3268 2468 3291 ‚

1444 3315 1531 3364 sub
1545 3315 1689 3363 finem
1706 3332 1811 3379 cap.
1836 3330 1886 3375 2,
1907 3317 2302 3382 parvipendebant
2318 3315 2461 3380 Apos-

1443 3398 1576 3445 tolos.
1608 3395 1730 3461 Quid
1755 3395 1904 3446 inde?

1494 3477 1554 3543 (3)
1578 3478 1684 3529 D.N
1687 3481 1876 3541 eander,
1894 3481 2203 3530 Berolinensis
2214 3478 2458 3544 professor,

1446 3567 1498 3614 in
1515 3581 1597 3613 sua
1613 3561 1833 3612 Histoire
1848 3564 1904 3612 de
1920 3563 2144 3628 l'quise,
2162 3563 2318 3612 statuit
2336 3563 2460 3627 quod
