2554 4140
281 140 399 198 ‘296
917 160 985 193 nu
1029 158 1175 196 VERA
1210 160 1330 196 ast.
1383 162 1514 199 Amr.
1565 164 1763 200 aaran.

284 323 479 374 conc.,·
511 299 799 378 religiose,
830 300 1006 357 subd.
1049 299 1345 383 plerique,
1373 322 1563 369 cone.;
1592 324 1794 362 omnes
1814 347 1829 378 ,
1864 319 1992 384 neq.
2022 305 2220 366 Plures
2245 308 2403 367 enim

283 416 515 476 semper
549 394 788 453 fuerunt
836 394 897 452 in
950 395 1153 454 decem
1187 395 1498 470 tribubus,
1543 400 1649 479 qui,
1695 399 1939 458 mosaica
1986 400 2251 461 instituta
2293 405 2404 462 rite

285 490 629 566 servabant,
666 501 726 549 et
756 491 986 550 statutis
1031 492 1393 574 temporibus
1440 493 1862 573 ‹lerosolymam
1903 497 2086 554 Deum
2128 495 2406 556 adorandi

282 607 450 645 causa
492 584 918 662 ascendebant,
959 587 1069 645 nisi
1114 609 1216 668 per
1265 589 1383 647 vim
1426 588 1498 647 ab
1542 589 1882 667 hujusmodi
1917 590 2104 649 officio
2147 591 2401 672 impedi-

287 693 493 740 rentur
518 681 642 760 (l);
676 682 776 762 qui
812 703 950 740 vero
980 683 1044 740 in
1079 681 1279 741 decem
1307 682 1573 742 tribubus
1597 684 1984 743 idololatriam
2006 684 2406 761 sectabantur,

288 797 481 858 neque
511 775 586 835 ad
614 777 875 835 animam
903 800 1094 860 neque
1120 779 1195 836 ad
1221 799 1427 860 corpus
1451 779 1713 838 Ecclesiae
1727 781 1974 858 judaicae
2010 780 2406 862 pertinebant.

365 873 509 933 211.
559 875 732 955 Resp.
769 874 1042 933 secundo.
1075 874 1224 952 Ney.
1255 894 1478 953 conseq.
1509 886 1567 934 et
1596 877 1908 956 paritatem
1935 901 1950 948 ς
1985 877 2116 956 quia
2149 875 2411 934 Christus

284 969 499 1051 apertis
525 968 716 1029 verbis
740 968 920 1027 alium
955 989 1155 1027 rerum
1182 966 1451 1027 ordinem
1482 970 1716 1029 induxit
1741 972 1804 1028 in
1831 971 2139 1030 Ecclesiam
2166 993 2354 1031 suam.

366 1066 506 1124 212.
535 1065 672 1143 Obj.
700 1065 893 1123 tertio.
917 1065 978 1121 10
1000 1064 1222 1122 Omnes
1246 1109 1261 1137 ,
1297 1064 1396 1144 qui
1424 1065 1488 1121 in
1517 1065 1814 1125 Christum
1835 1067 2082 1126 credunt
2106 1080 2166 1128 et
2193 1067 2414 1127 habent

285 1160 631 1220 charitatem
657 1181 789 1239 erga
827 1160 1195 1240 proximum,
1238 1170 1379 1217 sunt
1416 1160 1539 1220 veri
1585 1160 1802 1219 Christi
1837 1161 2142 1246 discipuli,
2183 1163 2414 1223 dicente

287 1257 541 1316 Domino
578 1278 591 1314 ε
640 1256 898 1315 Creditis
935 1258 1007 1313 in
1031 1257 1234 1314 Deum
1253 1300 1270 1324 ‚
1308 1265 1363 1312 et
1382 1258 1450 1312 in
1485 1276 1578 1312 me
1604 1256 1822 1315 credite
1846 1256 1869 1335 (
1893 1258 2062 1316 Joan.
2095 1259 2223 1316 XIV
2247 1303 2264 1334 ,
2299 1260 2327 1317 1
2350 1261 2371 1336 )
2393 1283 2409 1332 3

288 1363 418 1410 tum
450 1374 465 1410 :
505 1353 632 1432 Qui
654 1353 846 1410 credit
879 1356 948 1409 in
979 1372 1100 1420 me,
1127 1336 1305 1408 habet
1332 1354 1521 1410 vitam
1547 1362 1833 1410 aeterna-m
1866 1352 2076 1430 (Joan.
2110 1354 2218 1426 VI,
2257 1352 2411 1433 47);

293 1458 353 1507 et
385 1446 523 1506 alibi
552 1448 804 1529 passim,
851 1446 918 1505 2⁰
952 1467 1017 1505 ac
1052 1467 1286 1505 rursum
1320 1468 1334 1504 ε
1379 1447 1457 1506 In
1487 1448 1591 1505 lzoc
1627 1459 1970 1526 coynoseent
1994 1470 2195 1507 omnes
2205 1490 2225 1518 ,
2269 1453 2416 1527 quia

293 1544 589 1623 discipuli
612 1548 738 1601 mei
762 1547 929 1614 estis,
971 1546 1030 1600 si
1049 1543 1422 1601 dilectionem
1451 1543 1788 1601 habueritis
1815 1545 1901 1601 ad
1921 1547 2179 1603 invicem
2208 1545 2230 1623 (
2246 1546 2280 1603 J
2285 1549 2413 1603 oan'.

294 1641 464 1713 XIII,
504 1639 652 1720 35);
692 1660 826 1719 ergo
861 1640 1213 1720 quicumque
1249 1640 1311 1696 in
1360 1638 1659 1697 Christum
1697 1639 1945 1700 credunt
1985 1651 2042 1700 et
2079 1641 2416 1723 proximum

297 1734 549 1814 diligunt
570 1780 585 1810 ,
615 1736 842 1794 suntin
872 1756 1010 1794 vera
1041 1734 1287 1793 Ecclesia
1318 1734 1554 1793 Christi.

375 1831 516 1890 213.
564 1834 736 1914 Resp.
758 1831 834 1890 ad
860 1834 969 1906 1¹1¹,
995 1833 1152 1890 Dist.
1178 1843 1366 1890 antee.
1401 1833 1620 1890 Omnes
1641 1832 1739 1913 qui
1763 1831 2011 1892 credunt
2032 1833 2091 1891 in
2120 1832 2418 1893 Christum

296 1940 355 1989 et
388 1949 454 1987 ea
491 1929 686 1987 omnia
711 1974 726 2000 ,
774 1950 903 2010 quae
948 1927 1210 1986 Christus
1252 1928 1448 1986 docuit
1474 1973 1488 2001 ,
1537 1939 1595 1986 et
1626 1927 1918 1987 credenda
1963 1950 2069 2010 per
2108 1927 2418 1987 Ecclesiam

297 2025 604 2108 proposuit
625 2071 641 2101 ,
679 2047 785 2085 seu
815 2047 881 2085 eo
909 2023 1085 2083 modo
1119 2046 1234 2106 quo
1264 2023 1526 2083 Christus
1561 2023 1721 2099 vult,
1764 2045 1954 2094 cone.,·
1989 2046 2056 2083 eo
2090 2025 2266 2083 modo
2303 2047 2419 2107 quo

298 2121 507 2181 volunt
526 2121 779 2181 haeretici
798 2167 814 2196 ,
843 2142 972 2201 wey.
993 2118 1486 2200 Quandoquidem
1509 2119 1771 2179 Christus
1788 2122 1911 2202 ipse
1928 2119 2217 2202 Apostolis
2234 2119 2414 2179 dixit:

297 2220 579 2277 Docentes
604 2239 839 2276 servare
864 2239 1041 2275 omum
1065 2238 1431 2288 QUAECUMQUE
1451 2218 1748 2274 mandavi
1770 2218 1940 2275 nohis
1970 2217 2216 2298 (Matth.
2248 2214 2418 2296 ult.):,

300 2334 435 2394 ergo
463 2335 583 2371 non
619 2325 851 2394 partem
877 2312 1130 2393 aliquam
1158 2358 1173 2386 ,
1205 2323 1263 2371 et
1293 2322 1467 2392 prout
1494 2312 1809 2393 unicuique
1837 2311 2004 2372 libet.
2039 2311 2204 2370 Addo
2233 2312 2423 2371 adhuc

301 2408 599 2468 haereticos
640 2410 907 2487 ignorare
955 2408 1096 2489 quid
1146 2407 1409 2466 Christus
1456 2407 1530 2464 sit
1549 2453 1564 2480 .,
1619 2418 1819 2465 utrum
1873 2410 2026 2466 Deus
2078 2407 2296 2466 scilicet
2344 2429 2420 2465 an

298 2505 476 2564 homo
516 2516 784 2576 tantum,
829 2515 937 2563 etc.

380 2603 523 2661 214.
576 2602 663 2661 Ad
695 2604 779 2660 2¹1¹
803 2647 817 2674 ,
852 2603 1008 2661 Dist.
1052 2604 1416 2681 Cognoscent
1451 2625 1528 2661 an
1569 2604 1686 2660 sint
1715 2606 1842 2660 veri
1875 2600 2175 2681 discipuli,
2205 2611 2264 2660 et
2295 2623 2417 2660 non

302 2700 491 2759 solum
508 2698 641 2758 fidei
657 2698 1048 2780 professione,
1078 2698 1254 2757 sedet
1272 2697 1543 2780 operibus
1561 2696 1728 2756 bonis
1753 2743 1768 2772 ,
1796 2720 2046 2780 quorum
2063 2698 2421 2779 praecipuum

302 2808 390 2856 est
412 2795 684 2870 charitaS,
702 2816 863 2853 cone.
876 2815 895 2862 ;
913 2815 988 2851 an
1003 2793 1267 2875 discipuli
1283 2797 1663 2873 simpliciter,
1682 2815 1812 2873 wey.
1832 2792 1968 2851 Vult
1983 2794 2140 2852 enim
2160 2793 2422 2852 Christus

303 2892 586 2950 Dominus
614 2889 923 2972 discipulos
964 2911 1096 2948 suos
1129 2890 1395 2969 cognosci
1426 2911 1496 2948 ex
1529 2889 1699 2948 bonis
1737 2888 2009 2970 operibus
2032 2933 2047 2963 ,
2083 2911 2211 2971 quae
2246 2887 2423 2948 fidem

303 2986 743 3047 commendent.
782 2988 932 3045 Sunt
970 2987 1129 3044 enim
1171 2986 1385 3067 aliqui,
1427 2985 1500 3044 de
1538 2984 1751 3066 quibus
1788 2984 2049 3065 loquitur
2085 2984 2421 3066 ApostoluS,

303 3085 402 3167 qui
430 3087 623 3143 verbis
646 3085 1014 3164 profitentur
1043 3105 1099 3141 se
1129 3104 1290 3141 nosse
1326 3085 1523 3146 Deam
1536 3126 1555 3154 ,
1574 3086 1760 3161 factis
1796 3093 2000 3141 autem
2025 3093 2245 3159 neyant
2270 3082 2422 3159 (Tit.

306 3183 366 3255 Ι,
412 3182 555 3259 16)ς
596 3203 711 3262 quo
737 3201 910 3239 sensu
949 3181 1126 3238 etiam
1156 3178 1388 3238 dicebat
1422 3178 1724 3260 Apostolus
1766 3178 2018 3237 Jacobus
2051 3201 2063 3236 ε
2107 3179 2425 3237 Ostendam

304 3278 423 3336 tihi
451 3298 523 3334 ea·
558 3277 840 3355 operibus
861 3276 1046 3354 fidem
1091 3297 1287 3334 meam
1320 3274 1570 3354 (Jacob.
1610 3270 1662 3333 ΙΙ
1684 3319 1701 3348 ,
1749 3273 1821 3332 18
1849 3275 1895 3354 ).
1938 3273 2196 3333 Addatur
2236 3274 2425 3334 haere-

303 3372 444 3431 ticos
479 3390 588 3429 nec
617 3391 818 3431 veram
846 3370 998 3429 hanc
1030 3370 1325 3431 charitatis
1358 3371 1735 3430 dilectionem
1777 3369 2027 3444 habere,
2066 3391 2175 3429 nec
2209 3369 2423 3430 habere

372 3577 438 3641 (l)
476 3576 629 3643 Atque
646 3577 758 3624 hinc
777 3586 935 3641 patet,
976 3596 1116 3644 quam
1147 3578 1318 3627 insulse
1401 3577 1512 3631 die,
1571 3586 1654 3624 art.
1718 3572 1997 3642 Propheties
2027 3612 2039 3634 ‚
2099 3576 2221 3626 dicat
2268 3574 2425 3640 plures

302 3659 504 3709 Voltaire
527 3662 578 3708 in
614 3659 872 3728 Questiom
903 3675 988 3707 sur
1014 3659 1317 3726 l'encyclope·
1400 3658 1642 3724 prophetas
1676 3659 1816 3707 fuisse
1848 3657 2179 3707 schismaticos.
