<?xml version="1.0" encoding="UTF-8"?>
<!DOCTYPE html PUBLIC "-//W3C//DTD XHTML 1.0 Transitional//EN"
    "http://www.w3.org/TR/xhtml1/DTD/xhtml1-transitional.dtd">
<html xmlns="http://www.w3.org/1999/xhtml" xml:lang="en" lang="en">
 <head>
  <title>
</title>
<meta http-equiv="Content-Type" content="text/html;charset=utf-8" />
  <meta name='ocr-system' content='tesseract 3.04.00' />
  <meta name='ocr-capabilities' content='ocr_page ocr_carea ocr_par ocr_line ocrx_word'/>
</head>
<body>
  <div class='ocr_page' id='page_1' title='image "a603693801perruoft_0071.png"; bbox 0 0 2554 4140; ppageno 0'>
   <div class='ocr_carea' id='block_1_1' title="bbox 491 158 2218 218">
    <p class='ocr_par' dir='ltr' id='par_1_1' title="bbox 491 158 2218 218">
     <span class='ocr_line' id='line_1_1' title="bbox 491 158 2218 218; baseline -0.002 -4"><span class='ocrx_word' id='word_1_1' title='bbox 491 173 610 215; x_wconf 77' lang='lat' dir='ltr'>cAP.</span> <span class='ocrx_word' id='word_1_2' title='bbox 653 174 737 213; x_wconf 90' lang='lat'><em>111.</em></span> <span class='ocrx_word' id='word_1_3' title='bbox 783 176 852 212; x_wconf 71' lang='lat' dir='ltr'>nn</span> <span class='ocrx_word' id='word_1_4' title='bbox 894 175 1021 213; x_wconf 70' lang='lat' dir='ltr'>nor.</span> <span class='ocrx_word' id='word_1_5' title='bbox 1064 175 1181 213; x_wconf 82' lang='lat' dir='ltr'>mv.</span> <span class='ocrx_word' id='word_1_6' title='bbox 1226 176 1298 213; x_wconf 62' lang='lat' dir='ltr'>ac</span> <span class='ocrx_word' id='word_1_7' title='bbox 1341 174 1645 214; x_wconf 66' lang='lat' dir='ltr'>sumnum.</span> <span class='ocrx_word' id='word_1_8' title='bbox 1694 176 1822 215; x_wconf 62' lang='lat' dir='ltr'>miv.</span> <span class='ocrx_word' id='word_1_9' title='bbox 2095 194 2097 197; x_wconf 52' lang='lat'>&lt;</span> <span class='ocrx_word' id='word_1_10' title='bbox 2142 158 2218 218; x_wconf 78' lang='grc'>47</span> 
     </span>
    </p>
   </div>
   <div class='ocr_carea' id='block_1_2' title="bbox 95 313 2224 1444">
    <p class='ocr_par' dir='ltr' id='par_1_2' title="bbox 95 313 2224 1444">
     <span class='ocr_line' id='line_1_2' title="bbox 105 313 2219 401; baseline 0.001 -23"><span class='ocrx_word' id='word_1_11' title='bbox 105 319 340 399; x_wconf 80' lang='lat' dir='ltr'>deroget</span> <span class='ocrx_word' id='word_1_12' title='bbox 370 316 539 377; x_wconf 89' lang='lat' dir='ltr'>alicui</span> <span class='ocrx_word' id='word_1_13' title='bbox 567 318 680 398; x_wconf 88' lang='lat' dir='ltr'>legi</span> <span class='ocrx_word' id='word_1_14' title='bbox 707 340 741 376; x_wconf 89' lang='lat' dir='ltr'>a</span> <span class='ocrx_word' id='word_1_15' title='bbox 782 337 843 376; x_wconf 91' lang='lat' dir='ltr'>se</span> <span class='ocrx_word' id='word_1_16' title='bbox 867 313 1197 374; x_wconf 70' lang='lat' dir='ltr'>constitutae</span> <span class='ocrx_word' id='word_1_17' title='bbox 1214 359 1230 388; x_wconf 82' lang='grc'><em>,</em></span> <span class='ocrx_word' id='word_1_18' title='bbox 1270 313 1374 374; x_wconf 90' lang='lat' dir='ltr'>sed</span> <span class='ocrx_word' id='word_1_19' title='bbox 1403 314 1663 377; x_wconf 84' lang='lat' dir='ltr'><strong>decernit</strong></span> <span class='ocrx_word' id='word_1_20' title='bbox 1692 318 1975 396; x_wconf 85' lang='lat' dir='ltr'>ejusmodi</span> <span class='ocrx_word' id='word_1_21' title='bbox 2010 319 2219 401; x_wconf 87' lang='lat' dir='ltr'>plane-</span> 
     </span>
     <span class='ocr_line' id='line_1_3' title="bbox 103 406 2220 494; baseline 0.002 -22"><span class='ocrx_word' id='word_1_22' title='bbox 103 425 226 472; x_wconf 88' lang='lat' dir='ltr'>tam</span> <span class='ocrx_word' id='word_1_23' title='bbox 274 414 496 474; x_wconf 85' lang='lat' dir='ltr'>moveri</span> <span class='ocrx_word' id='word_1_24' title='bbox 540 414 687 471; x_wconf 87' lang='lat' dir='ltr'>circa</span> <span class='ocrx_word' id='word_1_25' title='bbox 733 409 917 470; x_wconf 88' lang='lat' dir='ltr'>solem</span> <span class='ocrx_word' id='word_1_26' title='bbox 961 406 1038 466; x_wconf 90' lang='lat' dir='ltr'>ad</span> <span class='ocrx_word' id='word_1_27' title='bbox 1083 418 1321 466; x_wconf 89' lang='lat' dir='ltr'>tantum</span> <span class='ocrx_word' id='word_1_28' title='bbox 1362 418 1630 491; x_wconf 81' lang='lat' dir='ltr'>tempus,</span> <span class='ocrx_word' id='word_1_29' title='bbox 1680 424 1883 494; x_wconf 88' lang='lat' dir='ltr'>postea</span> <span class='ocrx_word' id='word_1_30' title='bbox 1933 414 2056 474; x_wconf 91' lang='lat' dir='ltr'>sisti</span> <span class='ocrx_word' id='word_1_31' title='bbox 2085 460 2102 490; x_wconf 75' lang='grc'><em>,</em></span> <span class='ocrx_word' id='word_1_32' title='bbox 2153 437 2220 476; x_wconf 90' lang='lat' dir='ltr'>ac</span> 
     </span>
     <span class='ocr_line' id='line_1_4' title="bbox 102 500 2221 590; baseline 0.001 -22"><span class='ocrx_word' id='word_1_33' title='bbox 102 531 336 567; x_wconf 88' lang='lat' dir='ltr'>rursum</span> <span class='ocrx_word' id='word_1_34' title='bbox 362 509 634 590; x_wconf 82' lang='lat' dir='ltr'><strong>deinceps</strong></span> <span class='ocrx_word' id='word_1_35' title='bbox 655 503 878 564; x_wconf 88' lang='lat' dir='ltr'>moveri</span> <span class='ocrx_word' id='word_1_36' title='bbox 898 547 914 577; x_wconf 75' lang='lat'>‚</span> <span class='ocrx_word' id='word_1_37' title='bbox 949 513 1128 584; x_wconf 90' lang='lat' dir='ltr'>prout</span> <span class='ocrx_word' id='word_1_38' title='bbox 1160 502 1273 584; x_wconf 90' lang='lat' dir='ltr'>ipsi</span> <span class='ocrx_word' id='word_1_39' title='bbox 1292 500 1461 562; x_wconf 89' lang='lat' dir='ltr'>libet.</span> <span class='ocrx_word' id='word_1_40' title='bbox 1494 504 1563 562; x_wconf 89' lang='lat' dir='ltr'>In</span> <span class='ocrx_word' id='word_1_41' title='bbox 1590 504 1699 564; x_wconf 93' lang='lat' dir='ltr'>hoc</span> <span class='ocrx_word' id='word_1_42' title='bbox 1728 528 1869 568; x_wconf 85' lang='lat' dir='ltr'>vero</span> <span class='ocrx_word' id='word_1_43' title='bbox 1889 509 2052 569; x_wconf 90' lang='lat' dir='ltr'>nulla</span> <span class='ocrx_word' id='word_1_44' title='bbox 2075 532 2221 571; x_wconf 89' lang='lat' dir='ltr'>con-</span> 
     </span>
     <span class='ocr_line' id='line_1_5' title="bbox 103 596 2219 688; baseline 0.001 -27"><span class='ocrx_word' id='word_1_45' title='bbox 103 603 315 685; x_wconf 89' lang='lat' dir='ltr'>cipitur</span> <span class='ocrx_word' id='word_1_46' title='bbox 353 624 463 663; x_wconf 92' lang='lat' dir='ltr'>nec</span> <span class='ocrx_word' id='word_1_47' title='bbox 488 600 736 661; x_wconf 82' lang='lat' dir='ltr'>habetur</span> <span class='ocrx_word' id='word_1_48' title='bbox 766 597 908 677; x_wconf 89' lang='lat' dir='ltr'>legis</span> <span class='ocrx_word' id='word_1_49' title='bbox 939 596 1284 659; x_wconf 89' lang='lat' dir='ltr'>universalis</span> <span class='ocrx_word' id='word_1_50' title='bbox 1321 596 1605 656; x_wconf 89' lang='lat' dir='ltr'>naturalis</span> <span class='ocrx_word' id='word_1_51' title='bbox 1636 599 1932 680; x_wconf 82' lang='lat' dir='ltr'>derogatio</span> <span class='ocrx_word' id='word_1_52' title='bbox 1960 649 1977 680; x_wconf 75' lang='grc'><em>,</em></span> <span class='ocrx_word' id='word_1_53' title='bbox 2013 615 2082 664; x_wconf 92' lang='lat' dir='ltr'>ut</span> <span class='ocrx_word' id='word_1_54' title='bbox 2111 628 2219 688; x_wconf 90' lang='lat' dir='ltr'>pa-</span> 
     </span>
     <span class='ocr_line' id='line_1_6' title="bbox 102 691 2224 777; baseline 0.001 -19"><span class='ocrx_word' id='word_1_55' title='bbox 102 709 228 772; x_wconf 78' lang='lat' dir='ltr'>tet3</span> <span class='ocrx_word' id='word_1_56' title='bbox 275 708 335 758; x_wconf 93' lang='lat' dir='ltr'>et</span> <span class='ocrx_word' id='word_1_57' title='bbox 367 698 446 777; x_wconf 87' lang='lat' dir='ltr'>sic</span> <span class='ocrx_word' id='word_1_58' title='bbox 481 695 556 754; x_wconf 89' lang='lat' dir='ltr'>de</span> <span class='ocrx_word' id='word_1_59' title='bbox 583 693 788 754; x_wconf 88' lang='lat' dir='ltr'>ceteris</span> <span class='ocrx_word' id='word_1_60' title='bbox 834 691 1077 750; x_wconf 90' lang='lat' dir='ltr'>dicatur.</span> <span class='ocrx_word' id='word_1_61' title='bbox 1125 692 1275 751; x_wconf 86' lang='lat' dir='ltr'>Cum</span> <span class='ocrx_word' id='word_1_62' title='bbox 1318 691 1527 773; x_wconf 60' lang='lat' dir='ltr'>igitur„</span> <span class='ocrx_word' id='word_1_63' title='bbox 1561 714 1626 752; x_wconf 93' lang='lat' dir='ltr'>re</span> <span class='ocrx_word' id='word_1_64' title='bbox 1661 693 1726 751; x_wconf 85' lang='lat' dir='ltr'>in</span> <span class='ocrx_word' id='word_1_65' title='bbox 1765 715 1825 753; x_wconf 90' lang='lat' dir='ltr'>se</span> <span class='ocrx_word' id='word_1_66' title='bbox 1867 710 2123 777; x_wconf 86' lang='lat' dir='ltr'>spectata</span> <span class='ocrx_word' id='word_1_67' title='bbox 2160 712 2224 761; x_wconf 90' lang='lat' dir='ltr'>et</span> 
     </span>
     <span class='ocr_line' id='line_1_7' title="bbox 102 785 2221 875; baseline 0.001 -24"><span class='ocrx_word' id='word_1_68' title='bbox 102 802 278 875; x_wconf 91' lang='lat' dir='ltr'>prout</span> <span class='ocrx_word' id='word_1_69' title='bbox 302 802 389 851; x_wconf 91' lang='lat' dir='ltr'>est</span> <span class='ocrx_word' id='word_1_70' title='bbox 407 834 424 864; x_wconf 80' lang='grc'><em>,</em></span> <span class='ocrx_word' id='word_1_71' title='bbox 462 786 623 846; x_wconf 89' lang='lat' dir='ltr'>nulla</span> <span class='ocrx_word' id='word_1_72' title='bbox 656 788 731 846; x_wconf 91' lang='lat' dir='ltr'>sit</span> <span class='ocrx_word' id='word_1_73' title='bbox 766 785 1109 848; x_wconf 89' lang='lat' dir='ltr'>universalis</span> <span class='ocrx_word' id='word_1_74' title='bbox 1145 785 1427 844; x_wconf 88' lang='lat' dir='ltr'>naturalis</span> <span class='ocrx_word' id='word_1_75' title='bbox 1454 785 1549 845; x_wconf 84' lang='lat' dir='ltr'>lex</span> <span class='ocrx_word' id='word_1_76' title='bbox 1567 832 1584 862; x_wconf 78' lang='lat'><strong>‚</strong></span> <span class='ocrx_word' id='word_1_77' title='bbox 1632 808 1766 868; x_wconf 87' lang='lat' dir='ltr'>quae</span> <span class='ocrx_word' id='word_1_78' title='bbox 1815 788 2089 850; x_wconf 86' lang='lat' dir='ltr'>videlicet</span> <span class='ocrx_word' id='word_1_79' title='bbox 2116 816 2221 874; x_wconf 74' lang='lat' dir='ltr'>ye-</span> 
     </span>
     <span class='ocr_line' id='line_1_8' title="bbox 102 882 2221 964; baseline 0 -18"><span class='ocrx_word' id='word_1_80' title='bbox 102 909 250 946; x_wconf 73' lang='lat' dir='ltr'>nem</span> <span class='ocrx_word' id='word_1_81' title='bbox 294 896 355 945; x_wconf 92' lang='lat' dir='ltr'>et</span> <span class='ocrx_word' id='word_1_82' title='bbox 389 887 604 964; x_wconf 72' lang='lat' dir='ltr'>species</span> <span class='ocrx_word' id='word_1_83' title='bbox 620 926 645 955; x_wconf 90' lang='lat'><em>,</em></span> <span class='ocrx_word' id='word_1_84' title='bbox 689 893 748 942; x_wconf 90' lang='lat' dir='ltr'>et</span> <span class='ocrx_word' id='word_1_85' title='bbox 792 904 914 941; x_wconf 93' lang='lat' dir='ltr'>non</span> <span class='ocrx_word' id='word_1_86' title='bbox 963 882 1160 964; x_wconf 90' lang='lat' dir='ltr'>potius</span> <span class='ocrx_word' id='word_1_87' title='bbox 1207 882 1535 941; x_wconf 75' lang='lat' dir='ltr'>individua</span> <span class='ocrx_word' id='word_1_88' title='bbox 1561 883 1890 964; x_wconf 64' lang='lat' dir='ltr'>respiciat,</span> <span class='ocrx_word' id='word_1_89' title='bbox 1943 905 2054 944; x_wconf 90' lang='lat' dir='ltr'>nec</span> <span class='ocrx_word' id='word_1_90' title='bbox 2101 886 2221 948; x_wconf 90' lang='lat' dir='ltr'>ulla</span> 
     </span>
     <span class='ocr_line' id='line_1_9' title="bbox 100 975 2221 1060; baseline 0 -20"><span class='ocrx_word' id='word_1_91' title='bbox 100 981 347 1042; x_wconf 87' lang='lat' dir='ltr'>habetur</span> <span class='ocrx_word' id='word_1_92' title='bbox 371 978 666 1058; x_wconf 80' lang='lat' dir='ltr'>derogatio</span> <span class='ocrx_word' id='word_1_93' title='bbox 694 977 932 1060; x_wconf 87' lang='lat' dir='ltr'>proprie</span> <span class='ocrx_word' id='word_1_94' title='bbox 969 976 1122 1036; x_wconf 91' lang='lat' dir='ltr'>dicta</span> <span class='ocrx_word' id='word_1_95' title='bbox 1153 975 1247 1037; x_wconf 86' lang='lat' dir='ltr'>vel</span> <span class='ocrx_word' id='word_1_96' title='bbox 1279 976 1542 1058; x_wconf 83' lang='lat' dir='ltr'>exceptio</span> <span class='ocrx_word' id='word_1_97' title='bbox 1565 1022 1583 1052; x_wconf 75' lang='grc'><em>,</em></span> <span class='ocrx_word' id='word_1_98' title='bbox 1619 977 1725 1037; x_wconf 90' lang='lat' dir='ltr'>sed</span> <span class='ocrx_word' id='word_1_99' title='bbox 1762 978 2221 1060; x_wconf 88' lang='lat' dir='ltr'>simplicissimus</span> 
     </span>
     <span class='ocr_line' id='line_1_10' title="bbox 101 1071 2222 1154; baseline -0.001 -17"><span class='ocrx_word' id='word_1_100' title='bbox 101 1077 312 1137; x_wconf 86' lang='lat' dir='ltr'>divinae</span> <span class='ocrx_word' id='word_1_101' title='bbox 344 1074 662 1135; x_wconf 87' lang='lat' dir='ltr'>voluntatis</span> <span class='ocrx_word' id='word_1_102' title='bbox 689 1085 883 1149; x_wconf 87' lang='lat' dir='ltr'>actus,</span> <span class='ocrx_word' id='word_1_103' title='bbox 923 1094 1038 1154; x_wconf 85' lang='lat' dir='ltr'>quo</span> <span class='ocrx_word' id='word_1_104' title='bbox 1069 1072 1136 1131; x_wconf 92' lang='lat' dir='ltr'>fit</span> <span class='ocrx_word' id='word_1_105' title='bbox 1156 1117 1173 1147; x_wconf 86' lang='lat'>.,</span> <span class='ocrx_word' id='word_1_106' title='bbox 1214 1082 1280 1130; x_wconf 91' lang='lat' dir='ltr'>ut</span> <span class='ocrx_word' id='word_1_107' title='bbox 1324 1071 1442 1132; x_wconf 90' lang='lat' dir='ltr'>tale</span> <span class='ocrx_word' id='word_1_108' title='bbox 1481 1083 1706 1132; x_wconf 84' lang='lat' dir='ltr'>naturae</span> <span class='ocrx_word' id='word_1_109' title='bbox 1745 1072 2116 1133; x_wconf 90' lang='lat' dir='ltr'>individuum</span> <span class='ocrx_word' id='word_1_110' title='bbox 2156 1075 2222 1134; x_wconf 82' lang='lat' dir='ltr'>in</span> 
     </span>
     <span class='ocr_line' id='line_1_11' title="bbox 95 1167 2223 1253; baseline 0 -22"><span class='ocrx_word' id='word_1_111' title='bbox 95 1171 246 1231; x_wconf 84' lang='lat' dir='ltr'>datis</span> <span class='ocrx_word' id='word_1_112' title='bbox 271 1169 561 1249; x_wconf 87' lang='lat' dir='ltr'>adjunctis</span> <span class='ocrx_word' id='word_1_113' title='bbox 588 1169 697 1228; x_wconf 88' lang='lat' dir='ltr'>hac</span> <span class='ocrx_word' id='word_1_114' title='bbox 719 1170 912 1251; x_wconf 88' lang='lat' dir='ltr'>potius</span> <span class='ocrx_word' id='word_1_115' title='bbox 953 1168 1050 1230; x_wconf 90' lang='lat' dir='ltr'>vel</span> <span class='ocrx_word' id='word_1_116' title='bbox 1076 1168 1187 1227; x_wconf 88' lang='lat' dir='ltr'>alia</span> <span class='ocrx_word' id='word_1_117' title='bbox 1221 1168 1449 1228; x_wconf 89' lang='lat' dir='ltr'>ratione</span> <span class='ocrx_word' id='word_1_118' title='bbox 1477 1190 1540 1228; x_wconf 93' lang='lat' dir='ltr'>se</span> <span class='ocrx_word' id='word_1_119' title='bbox 1564 1167 1812 1244; x_wconf 77' lang='lat' dir='ltr'>habeat3</span> <span class='ocrx_word' id='word_1_120' title='bbox 1845 1170 1945 1252; x_wconf 90' lang='lat' dir='ltr'>qui</span> <span class='ocrx_word' id='word_1_121' title='bbox 1975 1169 2223 1253; x_wconf 87' lang='lat' dir='ltr'>proinde</span> 
     </span>
     <span class='ocr_line' id='line_1_12' title="bbox 95 1263 2215 1346; baseline 0.001 -22"><span class='ocrx_word' id='word_1_122' title='bbox 95 1266 204 1325; x_wconf 88' lang='lat' dir='ltr'>hac</span> <span class='ocrx_word' id='word_1_123' title='bbox 233 1265 306 1325; x_wconf 91' lang='lat' dir='ltr'>de</span> <span class='ocrx_word' id='word_1_124' title='bbox 343 1286 511 1325; x_wconf 88' lang='lat' dir='ltr'>causa</span> <span class='ocrx_word' id='word_1_125' title='bbox 536 1264 953 1324; x_wconf 85' lang='lat' dir='ltr'>miraculorum</span> <span class='ocrx_word' id='word_1_126' title='bbox 978 1263 1428 1346; x_wconf 89' lang='lat' dir='ltr'>possibilitatem</span> <span class='ocrx_word' id='word_1_127' title='bbox 1452 1264 1804 1346; x_wconf 81' lang='lat' dir='ltr'>impugnant</span> <span class='ocrx_word' id='word_1_128' title='bbox 1823 1310 1840 1340; x_wconf 78' lang='grc'><em>,</em></span> <span class='ocrx_word' id='word_1_129' title='bbox 1881 1265 2026 1325; x_wconf 90' lang='lat' dir='ltr'>falso</span> <span class='ocrx_word' id='word_1_130' title='bbox 2049 1265 2215 1326; x_wconf 90' lang='lat' dir='ltr'>labo-</span> 
     </span>
     <span class='ocr_line' id='line_1_13' title="bbox 98 1349 2217 1444; baseline 0.001 -25"><span class='ocrx_word' id='word_1_131' title='bbox 98 1371 233 1420; x_wconf 89' lang='lat' dir='ltr'>rant</span> <span class='ocrx_word' id='word_1_132' title='bbox 251 1360 552 1444; x_wconf 91' lang='lat' dir='ltr'>supposito</span> <span class='ocrx_word' id='word_1_133' title='bbox 566 1405 583 1435; x_wconf 79' lang='lat'>‚</span> <span class='ocrx_word' id='word_1_134' title='bbox 612 1380 676 1420; x_wconf 89' lang='lat' dir='ltr'>ac</span> <span class='ocrx_word' id='word_1_135' title='bbox 696 1362 884 1419; x_wconf 89' lang='lat' dir='ltr'>Deum</span> <span class='ocrx_word' id='word_1_136' title='bbox 905 1380 977 1419; x_wconf 79' lang='lat' dir='ltr'>ex</span> <span class='ocrx_word' id='word_1_137' title='bbox 999 1359 1237 1441; x_wconf 92' lang='lat' dir='ltr'>propria</span> <span class='ocrx_word' id='word_1_138' title='bbox 1260 1381 1363 1419; x_wconf 90' lang='lat' dir='ltr'>sua</span> <span class='ocrx_word' id='word_1_139' title='bbox 1381 1349 1782 1422; x_wconf 72' lang='lat' dir='ltr'>imbecillitate</span> <span class='ocrx_word' id='word_1_140' title='bbox 1807 1359 2217 1423; x_wconf 88' lang='lat' dir='ltr'>dimetiuntur.</span> 
     </span>
    </p>
   </div>
   <div class='ocr_carea' id='block_1_3' title="bbox 926 1533 1410 1578">
    <p class='ocr_par' dir='ltr' id='par_1_3' title="bbox 926 1533 1410 1578">
     <span class='ocr_line' id='line_1_14' title="bbox 926 1533 1410 1578; baseline 0.004 -2"><span class='ocrx_word' id='word_1_141' title='bbox 926 1533 1410 1578; x_wconf 84' lang='lat' dir='ltr'><strong>DIFFICULTATES.</strong></span> 
     </span>
    </p>
   </div>
   <div class='ocr_carea' id='block_1_4' title="bbox 80 1660 2221 3555">
    <p class='ocr_par' dir='ltr' id='par_1_4' title="bbox 87 1660 2221 2882">
     <span class='ocr_line' id='line_1_15' title="bbox 180 1660 2221 1747; baseline 0.001 -25"><span class='ocrx_word' id='word_1_142' title='bbox 180 1663 315 1722; x_wconf 92' lang='lat'>122.</span> <span class='ocrx_word' id='word_1_143' title='bbox 365 1660 652 1742; x_wconf 87' lang='lat' dir='ltr'>Objicitur</span> <span class='ocrx_word' id='word_1_144' title='bbox 663 1663 873 1743; x_wconf 81' lang='lat' dir='ltr'>prime.</span> <span class='ocrx_word' id='word_1_145' title='bbox 896 1662 958 1720; x_wconf 82' lang='grc' dir='ltr'>1ο</span> <span class='ocrx_word' id='word_1_146' title='bbox 974 1663 1107 1721; x_wconf 93' lang='lat' dir='ltr'>Non</span> <span class='ocrx_word' id='word_1_147' title='bbox 1133 1673 1381 1744; x_wconf 89' lang='lat' dir='ltr'>possunt</span> <span class='ocrx_word' id='word_1_148' title='bbox 1400 1685 1432 1722; x_wconf 90' lang='lat' dir='ltr'>a</span> <span class='ocrx_word' id='word_1_149' title='bbox 1447 1663 1568 1724; x_wconf 91' lang='lat' dir='ltr'>Deo</span> <span class='ocrx_word' id='word_1_150' title='bbox 1591 1663 1719 1724; x_wconf 88' lang='lat' dir='ltr'>fieri</span> <span class='ocrx_word' id='word_1_151' title='bbox 1734 1663 2011 1724; x_wconf 89' lang='lat' dir='ltr'>miracula</span> <span class='ocrx_word' id='word_1_152' title='bbox 2032 1710 2049 1740; x_wconf 86' lang='lat'>,</span> <span class='ocrx_word' id='word_1_153' title='bbox 2071 1664 2221 1747; x_wconf 87' lang='lat' dir='ltr'>quin</span> 
     </span>
     <span class='ocr_line' id='line_1_16' title="bbox 96 1757 2220 1841; baseline 0.001 -23"><span class='ocrx_word' id='word_1_154' title='bbox 96 1761 248 1819; x_wconf 91' lang='lat' dir='ltr'>Deus</span> <span class='ocrx_word' id='word_1_155' title='bbox 284 1759 411 1840; x_wconf 92' lang='lat' dir='ltr'>ipse</span> <span class='ocrx_word' id='word_1_156' title='bbox 442 1768 723 1816; x_wconf 90' lang='lat' dir='ltr'>mutetur.</span> <span class='ocrx_word' id='word_1_157' title='bbox 774 1759 950 1837; x_wconf 82' lang='lat' dir='ltr'>Leges</span> <span class='ocrx_word' id='word_1_158' title='bbox 987 1759 1147 1816; x_wconf 87' lang='lat' dir='ltr'>enim</span> <span class='ocrx_word' id='word_1_159' title='bbox 1176 1802 1192 1831; x_wconf 71' lang='lat'><strong>‚</strong></span> <span class='ocrx_word' id='word_1_160' title='bbox 1238 1757 1450 1841; x_wconf 84' lang='lat' dir='ltr'>quibus</span> <span class='ocrx_word' id='word_1_161' title='bbox 1484 1759 1743 1818; x_wconf 88' lang='lat' dir='ltr'>mundus</span> <span class='ocrx_word' id='word_1_162' title='bbox 1778 1760 2034 1839; x_wconf 65' lang='lat' dir='ltr'>regitur,</span> <span class='ocrx_word' id='word_1_163' title='bbox 2078 1772 2220 1820; x_wconf 88' lang='lat' dir='ltr'>sunt</span> 
     </span>
     <span class='ocr_line' id='line_1_17' title="bbox 94 1852 2217 1937; baseline 0.002 -25"><span class='ocrx_word' id='word_1_164' title='bbox 94 1855 219 1936; x_wconf 87' lang='lat' dir='ltr'>ipsa</span> <span class='ocrx_word' id='word_1_165' title='bbox 262 1854 369 1912; x_wconf 93' lang='lat' dir='ltr'>Dei</span> <span class='ocrx_word' id='word_1_166' title='bbox 411 1852 676 1926; x_wconf 69' lang='lat' dir='ltr'>decreta,</span> <span class='ocrx_word' id='word_1_167' title='bbox 720 1872 847 1932; x_wconf 84' lang='lat' dir='ltr'>quae</span> <span class='ocrx_word' id='word_1_168' title='bbox 875 1854 1091 1912; x_wconf 87' lang='lat' dir='ltr'>mutari</span> <span class='ocrx_word' id='word_1_169' title='bbox 1128 1874 1250 1911; x_wconf 91' lang='lat' dir='ltr'>non</span> <span class='ocrx_word' id='word_1_170' title='bbox 1287 1864 1568 1934; x_wconf 72' lang='lat' dir='ltr'>possunt,</span> <span class='ocrx_word' id='word_1_171' title='bbox 1607 1855 1752 1936; x_wconf 89' lang='lat' dir='ltr'>quin</span> <span class='ocrx_word' id='word_1_172' title='bbox 1782 1865 2046 1914; x_wconf 88' lang='lat' dir='ltr'>mutetur</span> <span class='ocrx_word' id='word_1_173' title='bbox 2088 1855 2217 1937; x_wconf 89' lang='lat' dir='ltr'>ipse</span> 
     </span>
     <span class='ocr_line' id='line_1_18' title="bbox 96 1945 2220 2029; baseline 0.001 -23"><span class='ocrx_word' id='word_1_174' title='bbox 96 1951 249 2007; x_wconf 90' lang='lat' dir='ltr'>Deus</span> <span class='ocrx_word' id='word_1_175' title='bbox 273 1992 290 2024; x_wconf 89' lang='lat'>,</span> <span class='ocrx_word' id='word_1_176' title='bbox 339 1947 497 2029; x_wconf 88' lang='lat' dir='ltr'>quod</span> <span class='ocrx_word' id='word_1_177' title='bbox 531 1959 620 2007; x_wconf 91' lang='lat' dir='ltr'>est</span> <span class='ocrx_word' id='word_1_178' title='bbox 655 1945 996 2009; x_wconf 88' lang='lat' dir='ltr'>absurdum.</span> <span class='ocrx_word' id='word_1_179' title='bbox 1040 1949 1109 2006; x_wconf 89' lang='lat'>20</span> <span class='ocrx_word' id='word_1_180' title='bbox 1159 1947 1378 2007; x_wconf 86' lang='lat' dir='ltr'>Saltem</span> <span class='ocrx_word' id='word_1_181' title='bbox 1413 1949 1726 2023; x_wconf 89' lang='lat' dir='ltr'>miracula,</span> <span class='ocrx_word' id='word_1_182' title='bbox 1769 1947 1970 2008; x_wconf 88' lang='lat' dir='ltr'>subdit</span> <span class='ocrx_word' id='word_1_183' title='bbox 2015 1949 2220 2012; x_wconf 87' lang='lat' dir='ltr'>Salva-</span> 
     </span>
     <span class='ocr_line' id='line_1_19' title="bbox 97 2041 2219 2123; baseline 0.001 -22"><span class='ocrx_word' id='word_1_184' title='bbox 97 2043 204 2101; x_wconf 93' lang='lat' dir='ltr'>dor</span> <span class='ocrx_word' id='word_1_185' title='bbox 229 2042 319 2123; x_wconf 90' lang='lat'>(1)</span> <span class='ocrx_word' id='word_1_186' title='bbox 339 2087 355 2117; x_wconf 82' lang='lat'>‚</span> <span class='ocrx_word' id='word_1_187' title='bbox 387 2042 580 2101; x_wconf 89' lang='lat' dir='ltr'>minus</span> <span class='ocrx_word' id='word_1_188' title='bbox 612 2041 788 2121; x_wconf 88' lang='lat' dir='ltr'>digna</span> <span class='ocrx_word' id='word_1_189' title='bbox 819 2044 940 2101; x_wconf 90' lang='lat' dir='ltr'>Deo</span> <span class='ocrx_word' id='word_1_190' title='bbox 961 2041 1273 2117; x_wconf 75' lang='lat' dir='ltr'>videntur3</span> <span class='ocrx_word' id='word_1_191' title='bbox 1312 2043 1377 2102; x_wconf 90' lang='lat' dir='ltr'>in</span> <span class='ocrx_word' id='word_1_192' title='bbox 1404 2042 1626 2122; x_wconf 88' lang='lat' dir='ltr'>legibus</span> <span class='ocrx_word' id='word_1_193' title='bbox 1657 2043 1818 2102; x_wconf 90' lang='lat' dir='ltr'>enim</span> <span class='ocrx_word' id='word_1_194' title='bbox 1844 2043 2053 2103; x_wconf 84' lang='lat' dir='ltr'>mundi</span> <span class='ocrx_word' id='word_1_195' title='bbox 2084 2065 2219 2104; x_wconf 90' lang='lat' dir='ltr'>con-</span> 
     </span>
     <span class='ocr_line' id='line_1_20' title="bbox 95 2135 2219 2220; baseline 0.001 -24"><span class='ocrx_word' id='word_1_196' title='bbox 95 2135 401 2196; x_wconf 86' lang='lat' dir='ltr'>stituendis</span> <span class='ocrx_word' id='word_1_197' title='bbox 440 2157 543 2194; x_wconf 92' lang='lat' dir='ltr'>cur</span> <span class='ocrx_word' id='word_1_198' title='bbox 578 2138 732 2195; x_wconf 91' lang='lat' dir='ltr'>Deus</span> <span class='ocrx_word' id='word_1_199' title='bbox 765 2158 887 2195; x_wconf 91' lang='lat' dir='ltr'>non</span> <span class='ocrx_word' id='word_1_200' title='bbox 920 2136 1000 2195; x_wconf 91' lang='lat' dir='ltr'>ita</span> <span class='ocrx_word' id='word_1_201' title='bbox 1049 2137 1395 2216; x_wconf 89' lang='lat' dir='ltr'>generaliter</span> <span class='ocrx_word' id='word_1_202' title='bbox 1429 2159 1524 2198; x_wconf 91' lang='lat' dir='ltr'>eas</span> <span class='ocrx_word' id='word_1_203' title='bbox 1559 2148 1764 2220; x_wconf 88' lang='lat' dir='ltr'>patere</span> <span class='ocrx_word' id='word_1_204' title='bbox 1803 2138 2059 2201; x_wconf 87' lang='lat' dir='ltr'>voluerit</span> <span class='ocrx_word' id='word_1_205' title='bbox 2083 2184 2102 2216; x_wconf 87' lang='lat'>‚</span> <span class='ocrx_word' id='word_1_206' title='bbox 2150 2150 2219 2199; x_wconf 89' lang='lat' dir='ltr'>ut</span> 
     </span>
     <span class='ocr_line' id='line_1_21' title="bbox 93 2231 2219 2314; baseline 0.002 -24"><span class='ocrx_word' id='word_1_207' title='bbox 93 2231 551 2290; x_wconf 86' lang='lat' dir='ltr'>circumstantias</span> <span class='ocrx_word' id='word_1_208' title='bbox 597 2252 799 2289; x_wconf 92' lang='lat' dir='ltr'>omnes</span> <span class='ocrx_word' id='word_1_209' title='bbox 837 2231 1016 2290; x_wconf 84' lang='lat' dir='ltr'>etiarn</span> <span class='ocrx_word' id='word_1_210' title='bbox 1056 2233 1450 2313; x_wconf 70' lang='lat' dir='ltr'>attingerent,</span> <span class='ocrx_word' id='word_1_211' title='bbox 1494 2254 1626 2314; x_wconf 82' lang='lat' dir='ltr'>quae</span> <span class='ocrx_word' id='word_1_212' title='bbox 1664 2245 1864 2293; x_wconf 91' lang='lat' dir='ltr'>essent</span> <span class='ocrx_word' id='word_1_213' title='bbox 1907 2234 2219 2295; x_wconf 83' lang='lat' dir='ltr'>exoriturae</span> 
     </span>
     <span class='ocr_line' id='line_1_22' title="bbox 92 2324 2217 2408; baseline 0.002 -22"><span class='ocrx_word' id='word_1_214' title='bbox 92 2345 162 2386; x_wconf 84' lang='lat' dir='ltr'>ex</span> <span class='ocrx_word' id='word_1_215' title='bbox 192 2324 303 2386; x_wconf 90' lang='lat' dir='ltr'>hoc</span> <span class='ocrx_word' id='word_1_216' title='bbox 333 2326 458 2408; x_wconf 89' lang='lat' dir='ltr'>ipso</span> <span class='ocrx_word' id='word_1_217' title='bbox 494 2325 763 2385; x_wconf 80' lang='lat' dir='ltr'>mundo?</span> <span class='ocrx_word' id='word_1_218' title='bbox 795 2328 967 2386; x_wconf 90' lang='lat' dir='ltr'>Secus</span> <span class='ocrx_word' id='word_1_219' title='bbox 1009 2326 1074 2386; x_wconf 82' lang='lat'>3⁰</span> <span class='ocrx_word' id='word_1_220' title='bbox 1103 2326 1384 2387; x_wconf 91' lang='lat' dir='ltr'>dicendus</span> <span class='ocrx_word' id='word_1_221' title='bbox 1413 2339 1502 2388; x_wconf 92' lang='lat' dir='ltr'>est</span> <span class='ocrx_word' id='word_1_222' title='bbox 1529 2327 1723 2388; x_wconf 90' lang='lat' dir='ltr'>locum</span> <span class='ocrx_word' id='word_1_223' title='bbox 1755 2328 2082 2389; x_wconf 90' lang='lat' dir='ltr'>identidem</span> <span class='ocrx_word' id='word_1_224' title='bbox 2119 2351 2217 2390; x_wconf 89' lang='lat' dir='ltr'>re·-</span> 
     </span>
     <span class='ocr_line' id='line_1_23' title="bbox 90 2420 2215 2506; baseline 0.003 -27"><span class='ocrx_word' id='word_1_225' title='bbox 90 2420 325 2502; x_wconf 91' lang='lat' dir='ltr'>liquisse</span> <span class='ocrx_word' id='word_1_226' title='bbox 362 2422 665 2483; x_wconf 84' lang='lat' dir='ltr'>evertendi</span> <span class='ocrx_word' id='word_1_227' title='bbox 705 2421 810 2482; x_wconf 91' lang='lat' dir='ltr'>has</span> <span class='ocrx_word' id='word_1_228' title='bbox 837 2422 992 2503; x_wconf 88' lang='lat' dir='ltr'>leges</span> <span class='ocrx_word' id='word_1_229' title='bbox 1018 2469 1034 2497; x_wconf 83' lang='lat'>.,</span> <span class='ocrx_word' id='word_1_230' title='bbox 1077 2422 1234 2505; x_wconf 91' lang='lat' dir='ltr'>quod</span> <span class='ocrx_word' id='word_1_231' title='bbox 1272 2424 1508 2483; x_wconf 90' lang='lat' dir='ltr'>nonnisi</span> <span class='ocrx_word' id='word_1_232' title='bbox 1534 2424 1749 2506; x_wconf 90' lang='lat' dir='ltr'>ineptis</span> <span class='ocrx_word' id='word_1_233' title='bbox 1786 2423 2215 2504; x_wconf 90' lang='lat' dir='ltr'>legislatoribus</span> 
     </span>
     <span class='ocr_line' id='line_1_24' title="bbox 91 2517 2215 2600; baseline 0.003 -25"><span class='ocrx_word' id='word_1_234' title='bbox 91 2517 364 2577; x_wconf 88' lang='lat' dir='ltr'>usuvenit</span> <span class='ocrx_word' id='word_1_235' title='bbox 382 2563 399 2592; x_wconf 81' lang='lat'>.,</span> <span class='ocrx_word' id='word_1_236' title='bbox 440 2518 541 2598; x_wconf 88' lang='lat' dir='ltr'>qui</span> <span class='ocrx_word' id='word_1_237' title='bbox 566 2540 748 2600; x_wconf 87' lang='lat' dir='ltr'>quum</span> <span class='ocrx_word' id='word_1_238' title='bbox 787 2519 989 2598; x_wconf 81' lang='lat' dir='ltr'>exigua</span> <span class='ocrx_word' id='word_1_239' title='bbox 1018 2519 1234 2579; x_wconf 91' lang='lat' dir='ltr'>mentis</span> <span class='ocrx_word' id='word_1_240' title='bbox 1261 2519 1479 2580; x_wconf 87' lang='lat' dir='ltr'>&#39;virtute</span> <span class='ocrx_word' id='word_1_241' title='bbox 1507 2519 1626 2578; x_wconf 93' lang='lat' dir='ltr'>sint</span> <span class='ocrx_word' id='word_1_242' title='bbox 1655 2520 1962 2595; x_wconf 89' lang='lat' dir='ltr'>instructi,</span> <span class='ocrx_word' id='word_1_243' title='bbox 1993 2531 2215 2581; x_wconf 89' lang='lat' dir='ltr'>totam-</span> 
     </span>
     <span class='ocr_line' id='line_1_25' title="bbox 87 2611 2215 2698; baseline 0.003 -29"><span class='ocrx_word' id='word_1_244' title='bbox 87 2631 200 2693; x_wconf 91' lang='lat' dir='ltr'>que</span> <span class='ocrx_word' id='word_1_245' title='bbox 226 2611 558 2693; x_wconf 84' lang='lat' dir='ltr'>reipublicae</span> <span class='ocrx_word' id='word_1_246' title='bbox 587 2611 857 2693; x_wconf 82' lang='lat' dir='ltr'>regendae</span> <span class='ocrx_word' id='word_1_247' title='bbox 890 2613 1140 2673; x_wconf 89' lang='lat' dir='ltr'>formam</span> <span class='ocrx_word' id='word_1_248' title='bbox 1173 2615 1401 2697; x_wconf 86' lang='lat' dir='ltr'>assequi</span> <span class='ocrx_word' id='word_1_249' title='bbox 1435 2626 1777 2697; x_wconf 73' lang='lat' dir='ltr'>nequeunt,</span> <span class='ocrx_word' id='word_1_250' title='bbox 1809 2616 2038 2698; x_wconf 88' lang='lat' dir='ltr'>quoties</span> <span class='ocrx_word' id='word_1_251' title='bbox 2078 2637 2215 2696; x_wconf 89' lang='lat' dir='ltr'>gra-</span> 
     </span>
     <span class='ocr_line' id='line_1_26' title="bbox 89 2705 2215 2793; baseline 0.002 -26"><span class='ocrx_word' id='word_1_252' title='bbox 89 2705 273 2767; x_wconf 87' lang='lat' dir='ltr'>viores</span> <span class='ocrx_word' id='word_1_253' title='bbox 318 2706 687 2768; x_wconf 89' lang='lat' dir='ltr'>difficultates</span> <span class='ocrx_word' id='word_1_254' title='bbox 742 2720 1054 2768; x_wconf 91' lang='lat' dir='ltr'>occurrunt</span> <span class='ocrx_word' id='word_1_255' title='bbox 1078 2744 1099 2785; x_wconf 54' lang='lat' dir='ltr'>a*</span> <span class='ocrx_word' id='word_1_256' title='bbox 1153 2709 1323 2770; x_wconf 87' lang='lat' dir='ltr'>toties</span> <span class='ocrx_word' id='word_1_257' title='bbox 1369 2708 1445 2770; x_wconf 88' lang='lat' dir='ltr'>ad</span> <span class='ocrx_word' id='word_1_258' title='bbox 1491 2710 1861 2793; x_wconf 79' lang='lat' dir='ltr'>exceptiones</span> <span class='ocrx_word' id='word_1_259' title='bbox 1899 2709 2215 2790; x_wconf 87' lang='lat' dir='ltr'>confugere</span> 
     </span>
     <span class='ocr_line' id='line_1_27' title="bbox 87 2814 392 2882; baseline 0.007 -22"><span class='ocrx_word' id='word_1_260' title='bbox 87 2814 392 2882; x_wconf 83' lang='lat' dir='ltr'>coguntur.</span> 
     </span>
    </p>

    <p class='ocr_par' dir='ltr' id='par_1_5' title="bbox 80 2898 2206 3555">
     <span class='ocr_line' id='line_1_28' title="bbox 172 2898 2200 2984; baseline 0.002 -28"><span class='ocrx_word' id='word_1_261' title='bbox 172 2898 306 2958; x_wconf 80' lang='lat'>123.</span> <span class='ocrx_word' id='word_1_262' title='bbox 350 2901 521 2984; x_wconf 88' lang='lat' dir='ltr'>Resp.</span> <span class='ocrx_word' id='word_1_263' title='bbox 548 2901 622 2960; x_wconf 91' lang='lat' dir='ltr'>ad</span> <span class='ocrx_word' id='word_1_264' title='bbox 657 2902 759 2978; x_wconf 74' lang='lat'>1¹¹¹,</span> <span class='ocrx_word' id='word_1_265' title='bbox 784 2903 933 2982; x_wconf 73' lang='lat' dir='ltr'>Neq.</span> <span class='ocrx_word' id='word_1_266' title='bbox 966 2901 1055 2962; x_wconf 90' lang='lat' dir='ltr'>Ad</span> <span class='ocrx_word' id='word_1_267' title='bbox 1075 2901 1246 2984; x_wconf 92' lang='lat' dir='ltr'>prob.</span> <span class='ocrx_word' id='word_1_268' title='bbox 1287 2903 1433 2983; x_wconf 72' lang='lat' dir='ltr'>leqes</span> <span class='ocrx_word' id='word_1_269' title='bbox 1464 2912 1608 2962; x_wconf 72' lang='lat' dir='ltr'>sunt</span> <span class='ocrx_word' id='word_1_270' title='bbox 1641 2902 1762 2961; x_wconf 74' lang='lat' dir='ltr'>Dei</span> <span class='ocrx_word' id='word_1_271' title='bbox 1787 2901 2020 2961; x_wconf 78' lang='lat' dir='ltr'>decreta</span> <span class='ocrx_word' id='word_1_272' title='bbox 2041 2945 2058 2976; x_wconf 79' lang='grc'><em>,</em></span> <span class='ocrx_word' id='word_1_273' title='bbox 2087 2912 2200 2961; x_wconf 86' lang='lat' dir='ltr'>etc.</span> 
     </span>
     <span class='ocr_line' id='line_1_29' title="bbox 89 2991 2205 3078; baseline 0.003 -27"><span class='ocrx_word' id='word_1_274' title='bbox 89 2991 184 3051; x_wconf 88' lang='lat' dir='ltr'>vel</span> <span class='ocrx_word' id='word_1_275' title='bbox 218 3015 347 3075; x_wconf 72' lang='lat' dir='ltr'>neq.</span> <span class='ocrx_word' id='word_1_276' title='bbox 378 3040 394 3068; x_wconf 77' lang='grc'><em>,</em></span> <span class='ocrx_word' id='word_1_277' title='bbox 439 3017 621 3078; x_wconf 90' lang='lat' dir='ltr'>quum</span> <span class='ocrx_word' id='word_1_278' title='bbox 659 2996 811 3078; x_wconf 87' lang='lat' dir='ltr'>leges</span> <span class='ocrx_word' id='word_1_279' title='bbox 847 3019 969 3056; x_wconf 90' lang='lat' dir='ltr'>non</span> <span class='ocrx_word' id='word_1_280' title='bbox 998 2998 1115 3057; x_wconf 92' lang='lat' dir='ltr'>sint</span> <span class='ocrx_word' id='word_1_281' title='bbox 1147 2998 1259 3057; x_wconf 91' lang='lat' dir='ltr'>nisi</span> <span class='ocrx_word' id='word_1_282' title='bbox 1294 2997 1532 3058; x_wconf 88' lang='lat' dir='ltr'>effectus</span> <span class='ocrx_word' id='word_1_283' title='bbox 1563 2996 1901 3057; x_wconf 86' lang='lat' dir='ltr'>divinorum</span> <span class='ocrx_word' id='word_1_284' title='bbox 1937 2996 2205 3058; x_wconf 87' lang='lat' dir='ltr'>decreto-</span> 
     </span>
     <span class='ocr_line' id='line_1_30' title="bbox 88 3089 2200 3175; baseline 0.004 -31"><span class='ocrx_word' id='word_1_285' title='bbox 88 3106 250 3164; x_wconf 82' lang='lat' dir='ltr'>rum3</span> <span class='ocrx_word' id='word_1_286' title='bbox 285 3089 380 3150; x_wconf 87' lang='lat' dir='ltr'>vel</span> <span class='ocrx_word' id='word_1_287' title='bbox 422 3091 561 3150; x_wconf 71' lang='lat' dir='ltr'>dist.</span> <span class='ocrx_word' id='word_1_288' title='bbox 608 3093 757 3151; x_wconf 90' lang='lat' dir='ltr'>Sunt</span> <span class='ocrx_word' id='word_1_289' title='bbox 786 3092 913 3174; x_wconf 91' lang='lat' dir='ltr'>ipsa</span> <span class='ocrx_word' id='word_1_290' title='bbox 940 3092 1046 3153; x_wconf 91' lang='lat' dir='ltr'>Dei</span> <span class='ocrx_word' id='word_1_291' title='bbox 1083 3093 1314 3154; x_wconf 88' lang='lat' dir='ltr'>decreta</span> <span class='ocrx_word' id='word_1_292' title='bbox 1336 3138 1352 3169; x_wconf 80' lang='lat'>‚</span> <span class='ocrx_word' id='word_1_293' title='bbox 1399 3114 1528 3175; x_wconf 76' lang='lat' dir='ltr'>quae</span> <span class='ocrx_word' id='word_1_294' title='bbox 1561 3092 1786 3152; x_wconf 90' lang='lat' dir='ltr'>habent</span> <span class='ocrx_word' id='word_1_295' title='bbox 1827 3115 1935 3175; x_wconf 92' lang='lat' dir='ltr'>pro</span> <span class='ocrx_word' id='word_1_296' title='bbox 1973 3091 2200 3172; x_wconf 77' lang='lat' dir='ltr'>obJecto</span> 
     </span>
     <span class='ocr_line' id='line_1_31' title="bbox 90 3180 2205 3271; baseline 0.005 -34"><span class='ocrx_word' id='word_1_297' title='bbox 90 3189 218 3238; x_wconf 88' lang='lat' dir='ltr'>tum</span> <span class='ocrx_word' id='word_1_298' title='bbox 244 3180 398 3263; x_wconf 88' lang='lat' dir='ltr'>leges</span> <span class='ocrx_word' id='word_1_299' title='bbox 414 3194 542 3244; x_wconf 89' lang='lat' dir='ltr'>tum</span> <span class='ocrx_word' id='word_1_300' title='bbox 558 3187 819 3268; x_wconf 88' lang='lat' dir='ltr'>ipsarum</span> <span class='ocrx_word' id='word_1_301' title='bbox 838 3186 1282 3268; x_wconf 88' lang='lat' dir='ltr'>derogationes</span> <span class='ocrx_word' id='word_1_302' title='bbox 1266 3210 1330 3247; x_wconf 89' lang='lat' dir='ltr'>m</span> <span class='ocrx_word' id='word_1_303' title='bbox 1355 3199 1622 3271; x_wconf 90' lang='lat' dir='ltr'>tempore</span> <span class='ocrx_word' id='word_1_304' title='bbox 1654 3187 1987 3263; x_wconf 53' lang='lat' dir='ltr'>facienda,</span> <span class='ocrx_word' id='word_1_305' title='bbox 2019 3209 2205 3257; x_wconf 68' lang='lat' dir='ltr'>conc„-</span> 
     </span>
     <span class='ocr_line' id='line_1_32' title="bbox 91 3280 2202 3366; baseline 0.005 -34"><span class='ocrx_word' id='word_1_306' title='bbox 91 3293 252 3334; x_wconf 91' lang='lat' dir='ltr'>secus</span> <span class='ocrx_word' id='word_1_307' title='bbox 276 3297 406 3357; x_wconf 77' lang='lat' dir='ltr'>neq.</span> <span class='ocrx_word' id='word_1_308' title='bbox 444 3280 791 3342; x_wconf 89' lang='lat' dir='ltr'>Recolantur</span> <span class='ocrx_word' id='word_1_309' title='bbox 828 3281 1031 3341; x_wconf 88' lang='lat' dir='ltr'>dicta</span> <span class='ocrx_word' id='word_1_310' title='bbox 1015 3304 1081 3342; x_wconf 91' lang='lat' dir='ltr'>1n</span> <span class='ocrx_word' id='word_1_311' title='bbox 1110 3282 1587 3366; x_wconf 81' lang='lat' dir='ltr'>probationibus3</span> <span class='ocrx_word' id='word_1_312' title='bbox 1630 3305 1701 3343; x_wconf 84' lang='lat' dir='ltr'>ex</span> <span class='ocrx_word' id='word_1_313' title='bbox 1747 3281 1957 3366; x_wconf 89' lang='lat' dir='ltr'>quibus</span> <span class='ocrx_word' id='word_1_314' title='bbox 2000 3294 2202 3365; x_wconf 80' lang='lat' dir='ltr'>patet,</span> 
     </span>
     <span class='ocr_line' id='line_1_33' title="bbox 89 3361 2206 3462; baseline 0.004 -34"><span class='ocrx_word' id='word_1_315' title='bbox 89 3389 198 3429; x_wconf 87' lang='lat' dir='ltr'>nec</span> <span class='ocrx_word' id='word_1_316' title='bbox 231 3368 425 3432; x_wconf 89' lang='lat' dir='ltr'>locum</span> <span class='ocrx_word' id='word_1_317' title='bbox 458 3372 675 3437; x_wconf 89' lang='lat' dir='ltr'>habere</span> <span class='ocrx_word' id='word_1_318' title='bbox 710 3399 878 3460; x_wconf 91' lang='lat' dir='ltr'>posse</span> <span class='ocrx_word' id='word_1_319' title='bbox 920 3361 1326 3439; x_wconf 88' lang='lat' dir='ltr'>difficultatem</span> <span class='ocrx_word' id='word_1_320' title='bbox 1364 3378 1725 3462; x_wconf 88' lang='lat' dir='ltr'>propositam</span> <span class='ocrx_word' id='word_1_321' title='bbox 1772 3400 1803 3438; x_wconf 92' lang='lat' dir='ltr'>a</span> <span class='ocrx_word' id='word_1_322' title='bbox 1847 3379 2095 3460; x_wconf 88' lang='lat' dir='ltr'>Spinoza</span> <span class='ocrx_word' id='word_1_323' title='bbox 2146 3389 2206 3437; x_wconf 91' lang='lat' dir='ltr'>et</span> 
     </span>
     <span class='ocr_line' id='line_1_34' title="bbox 80 3465 1347 3555; baseline 0.009 -32"><span class='ocrx_word' id='word_1_324' title='bbox 80 3465 311 3540; x_wconf 85' lang='lat' dir='ltr'>jamdiu</span> <span class='ocrx_word' id='word_1_325' title='bbox 345 3489 375 3526; x_wconf 88' lang='lat' dir='ltr'>a</span> <span class='ocrx_word' id='word_1_326' title='bbox 407 3468 466 3527; x_wconf 88' lang='lat' dir='ltr'>S</span> <span class='ocrx_word' id='word_1_327' title='bbox 505 3469 725 3533; x_wconf 88' lang='lat' dir='ltr'>Thoma</span> <span class='ocrx_word' id='word_1_328' title='bbox 750 3472 838 3554; x_wconf 92' lang='lat'>(2)</span> <span class='ocrx_word' id='word_1_329' title='bbox 863 3485 1347 3555; x_wconf 77' lang='lat' dir='ltr'>praeoccupatam.</span> 
     </span>
    </p>
   </div>
   <div class='ocr_carea' id='block_1_5' title="bbox 155 3654 2205 3731">
    <p class='ocr_par' dir='ltr' id='par_1_6' title="bbox 155 3654 2205 3731">
     <span class='ocr_line' id='line_1_35' title="bbox 155 3654 2205 3731; baseline 0.002 -25"><span class='ocrx_word' id='word_1_330' title='bbox 155 3654 219 3718; x_wconf 75' lang='lat' dir='ltr'>(l)</span> <span class='ocrx_word' id='word_1_331' title='bbox 256 3655 347 3723; x_wconf 88' lang='lat' dir='ltr'>Op.</span> <span class='ocrx_word' id='word_1_332' title='bbox 369 3660 447 3708; x_wconf 83' lang='lat' dir='ltr'>cit.</span> <span class='ocrx_word' id='word_1_333' title='bbox 470 3658 588 3711; x_wconf 84' lang='lat' dir='ltr'>ibid.</span> <span class='ocrx_word' id='word_1_334' title='bbox 619 3671 664 3710; x_wconf 87' lang='lat' dir='ltr'>et</span> <span class='ocrx_word' id='word_1_335' title='bbox 685 3662 794 3713; x_wconf 87' lang='lat' dir='ltr'>alibi</span> <span class='ocrx_word' id='word_1_336' title='bbox 812 3667 998 3729; x_wconf 78' lang='lat' dir='ltr'>passim.</span> <span class='ocrx_word' id='word_1_337' title='bbox 1242 3664 1309 3731; x_wconf 75' lang='lat'>(2)</span> <span class='ocrx_word' id='word_1_338' title='bbox 1346 3664 1417 3715; x_wconf 85' lang='lat' dir='ltr'>En</span> <span class='ocrx_word' id='word_1_339' title='bbox 1437 3664 1576 3716; x_wconf 79' lang='lat' dir='ltr'>verba</span> <span class='ocrx_word' id='word_1_340' title='bbox 1599 3664 1652 3715; x_wconf 85' lang='lat' dir='ltr'>S.</span> <span class='ocrx_word' id='word_1_341' title='bbox 1690 3665 1912 3715; x_wconf 81' lang='lat' dir='ltr'>Thomae:</span> <span class='ocrx_word' id='word_1_342' title='bbox 1940 3662 2205 3713; x_wconf 81' lang='lat' dir='ltr'>Dicendum</span> 
     </span>
    </p>
   </div>
  </div>
 </body>
</html>
