2554 4140
634 128 788 165 PnoP.
838 129 879 163 1.
928 126 997 164 »Β
1040 123 1282 163 011310οΕ
1323 121 1593 163 REVELAT.
2054 96 2175 156 209

63 271 200 330 dam
244 291 276 328 a
325 270 688 352 privatorum
743 268 1048 328 hominum
1103 264 1464 325 novitatibus
1491 311 1507 340 7
1552 261 2126 347 interpollationibus
2153 309 2171 337 ,

64 365 428 447 praeposteris
456 361 1034 445 interpretationibus
1053 403 1070 432 ,
1097 369 1274 439 prout
1306 359 1913 440 experientia'passim
1940 358 2066 417 fieri
2094 357 2180 419 vi-

70 459 275 519 demus
312 457 438 537 (1),
465 479 769 539 nunquam
805 454 973 514 nobis
1009 462 1274 510 constare
1301 444 1495 532 posset
1523 452 1596 512 de
1635 452 2178 532 ejusdem'veritate

68 566 243 635 atque
272 553 636 632 integritate3
673 551 818 609 11ἰ110
833 546 1154 607 necessario
1192 543 1325 620 lites
1356 566 1422 603 ac
1449 548 1857 608 controversiae
1885 557 2182 629 perpetuae

70 670 199 729 quae
226 644 758 729 nunquamdirimi
780 650 1042 724 possent.
1078 637 1368 698 Abhorret
1399 650 1596 698 autem
1631 639 1704 698 ab
1741 640 1871 700 idea
1908 642 2184 723 sapientis

69 742 409 822 legislatoris
434 739 776 822 permittere
805 739 1081 816 cujusque
1104 733 1359 792 hominis
1381 732 1621 793 arbitrio
1649 734 1906 796 codicem
1925 779 1943 811 ,
1975 748 2037 796 et
2059 759 2187 797 sen-

70 859 200 895 sum
235 835 484 919 propriae
511 830 911 911 legislationis.
949 827 1120 902 Quod
1145 840 1210 887 ut
1246 828 1441 910 aliquo
1471 829 1741 910 exemplo
1775 831 1954 909 magis
1987 831 2184 892 'decla-

71 942 231 990 retur
247 975 264 1004 ,
294 930 575 1007 fingamus
593 926 788 984 animo
806 970 822 1002 ‚
856 925 1195 1006 quempiam
1218 925 1505 985 viatorem
1528 923 1671 983 duas
1700 923 1863 984 obire
1886 925 2149 987 civitates
2167 972 2185 1002 ,

72 1045 198 1106 quae
225 1044 389 1103 aeque
417 1021 740 1102 glorientur
782 1021 1016 1102 optimis
1045 1019 1156 1078 sibi
1198 1018 1348 1078 datis
1370 1018 1594 1099 legibus
1621 1030 1797 1100 atque
1826 1020 2093 1096 statutiS,
2129 1031 2189 1080 et

69 1118 255 1179 ambae
286 1128 362 1175 ut
389 1118 884 1198 sapientissimum
930 1114 1190 1174 habeant
1226 1114 1616 1195 legislatorem
1638 1161 1654 1191 ,
1707 1115 1939 1197 utrique
1972 1115 2193 1176 civitati

70 1221 480 1283 commun'em3
522 1213 847 1270 sciscitante
871 1222 1066 1269 autem
1106 1209 1179 1268 ab
1212 1210 1283 1268 iis
1313 1210 1532 1270 viatore
1559 1255 1576 1285 ‚
1616 1231 1934 1292 quemnam
1958 1211 2195 1293 sapien-

75 1309 330 1367 tissimus
354 1307 448 1365 hic
473 1305 739 1385 legilator
758 1305 1123 1364 constituerit
1145 1305 1549 1385 magistratum
1571 1350 1587 1380 ‚
1622 1304 1716 1365 vel
1751 1304 1909 1387 quod
1936 1304 2195 1365 tribunal

74 1402 150 1461 ad
191 1402 448 1461 codicem
490 1422 660 1459 suurn
701 1399 1078 1459 incolumem·
1100 1398 1492 1474 servandum,
1538 1399 1633 1460 vel
1676 1421 1853 1482 quem
1895 1401 2191 1482 interpre-

80 1507 201 1556 tem
226 1496 298 1568 ad
324 1495 456 1555 lites
472 1517 600 1576 quae
625 1494 874 1554 suboriri
901 1494 1090 1553 solent
1112 1493 1469 1554 dirimendas
1489 1541 1506 1570 ,
1531 1494 1711 1554 altera
1734 1495 1951 1555 indicet
1975 1496 2195 1555 consti-

82 1603 240 1649 tutos
270 1613 301 1649 a
344 1591 666 1670 legislatore
697 1590 923 1670 judices
962 1601 1021 1649 et
1058 1591 1425 1670 magistratus
1447 1635 1464 1667 ,
1506 1590 1686 1650 altera
1717 1601 1913 1650 autem
1949 1603 2196 1652 conten-

85 1686 190 1745 dat
223 1708 344 1744 non
371 1685 550 1744 alium
575 1708 605 1744 a
639 1685 967 1765 legislatore
1002 1686 1386 1744 constitutum
1411 1684 1670 1763 judicem
1704 1707 1769 1745 ac
1807 1686 2196 1769 interpretem

75 1803 253 1863 quam
287 1781 541 1840 codicem
565 1781 758 1862 ipsum
783 1827 799 1855 ,
826 1781 918 1839 cui
941 1780 1118 1839 fidem
1147 1780 1450 1840 adhibebit
1479 1781 1664 1840 viator
1683 1826 1700 1858 ‚
1724 1792 1783 1840 et
1807 1803 1987 1862 quam
2013 1804 2085 1841 ex
2103 1782 2195 1842 his

81 1876 306 1935 duabus
345 1875 675 1937 civitatibus
720 1897 927 1936 verum
976 1876 1166 1935 dicere
1216 1874 1636 1936 arbitrabitur?
1682 1875 1850 1935 Illam
1890 1877 2152 1960 profecto
2176 1925 2193 1954 .,

82 1991 209 2053 quae
257 1972 624 2050 magistratus
662 1993 727 2030 ac
755 1970 978 2050 judices
1011 1971 1353 2030 constitutos
1381 1959 1668 2047 affirmat),
1709 1994 1846 2033 cum
1878 1971 1990 2032 hoc
2025 1973 2196 2054 longe

77 2066 259 2147 magis
291 2077 569 2146 congruat
595 2067 891 2147 sapientiae
934 2087 999 2125 ac
1032 2065 1361 2147 prudentiae
1398 2067 1608 2149 optimi
1639 2066 2012 2146 legislatoriS‚
2045 2090 2193 2150 qua—

75 2161 194 2220 lem
233 2158 408 2220 fuisse
449 2159 635 2219 ambae
677 2162 1042 2242 profitentur
1067 2206 1084 2234 ‚
1130 2181 1262 2219 cum
1302 2161 1386 2221 rei
1429 2173 1637 2220 natura
1681 2161 1742 2220 id
1778 2163 2001 2242 exigat.)
2059 2183 2195 2222 cum

76 2255 234 2314 enim
263 2254 393 2314 lites
429 2256 755 2315 excitantur
784 2267 850 2314 ut
880 2255 1236 2337 plurimum,
1270 2257 1416 2315 circa
1451 2277 1688 2316 sensum
1716 2256 1924 2317 codicis
1957 2278 2193 2319 versan-

73 2362 199 2424 tur3
251 2350 575 2410 absurdum
611 2362 806 2411 autem
842 2363 929 2410 est
954 2351 1277 2427 affirmare,
1319 2351 1394 2410 ad
1416 2351 1582 2412 litem
1606 2351 2012 2413 derimendam
2047 2375 2193 2414 con-

73 2447 348 2505 stitutum
371 2468 493 2506 esse
522 2446 779 2506 codicem
805 2448 995 2529 ipsum
1016 2493 1033 2523 ,
1068 2449 1216 2506 circa
1246 2452 1406 2526 cujus
1431 2449 1758 2508 sensum—lis
1780 2449 2004 2510 moveri
2023 2449 2189 2511 solet.

69 2540 72 2543 ⁴
159 2541 217 2599 6.
271 2541 649 2600 Validissimae
688 2543 863 2621 igitur
903 2544 1155 2602 rationes
1191 2541 1506 2602 ostendunt
1528 2589 1544 2619 ‚
1591 2544 1749 2626 quod
1779 2545 1889 2603 nisi
1925 2556 2191 2604 extraor-

78 2634 301 2694 dinario
328 2636 519 2716 aliquo
560 2635 752 2695 medio
795 2658 828 2694 a
877 2639 997 2696 Deo
1041 2638 1166 2719 ipso
1201 2637 1614 2717 provideatur,
1663 2639 1736 2698 de
1775 2640 1866 2700 via
1901 2639 2191 2698 ordinaria

79 2751 310 2789 necesse
350 2731 461 2804 sit,
520 2730 776 2811 aliquam
825 2733 1202 2791 constitutam
1251 2730 1531 2793 divinitus
1579 2733 1984 2794 auctoritatem
2025 2755 2188 2809 esse,

81 2845 323 2906 eamque
357 2823 721 2883 infallibilem
771 2835 945 2907 atque
983 2838 1368 2907 perpetuam,
1411 2847 1537 2907 quae
1574 2826 1838 2888 divinam
1877 2828 2190 2889 revelatio-

87 2939 226 2978 nem
256 2918 543 2978 custodiat
566 2964 582 2993 ·›
621 2931 948 3000 proponat,
990 2941 1311 3003 verumque
1346 2921 1498 2981 illius
1526 2944 1763 2984 sensum
1786 2925 2024 3006 aperiat.

896 3083 1377 3126 DIFFICULTATES.

166 3206 201 3264 7
212 3250 226 3264 .
262 3203 390 3283 obj.
416 3207 562 3266 Ante
577 3206 785 3266 Christi
803 3208 1120 3291 adventum
1136 3209 1296 3268 nulla
1310 3210 1578 3270 instituta
1594 3211 1700 3271 fuit
1715 3212 2033 3273 infallibilis
2048 3219 2193 3293 ejus-

84 3300 242 3360 modi
274 3303 610 3377 auctoritaS‚
649 3303 723 3363 ad
759 3302 1021 3364 divinam
1062 3304 1479 3367 revelationem
1518 3308 1998 3390 proponendam3
2029 3330 2186 3388 ergo,

157 3518 218 3582 (1)
256 3518 359 3567 Non
393 3534 537 3585 pauca
576 3520 785 3586 exempla
816 3519 1042 3586 ejusmodi
1080 3523 1358 3581 novitatum,
1404 3523 1842 3589 interpolationum‚
1884 3534 1972 3573 etr.
2007 3523 2196 3595 inferius

85 3598 314 3649 dabimus.

254 3681 316 3739 T.
363 3682 406 3739 Ι.
1883 3685 1953 3742 14
