2554 4140
396 137 518 184 cAr'.
568 144 649 183 iv.
699 143 767 180 nn
809 143 993 180 mus-r.
1043 142 1158 180 mv.
1206 142 1276 179 Ac
1319 139 1617 178 svmmvm.
1661 137 1791 177 mcv.
2030 115 2141 176 173

123 285 260 346 394.
309 285 383 344 Hi
423 305 594 367 porro
618 284 739 344 sive
768 281 1006 343 seorsim
1026 325 1042 352 ,
1078 280 1200 339 sive
1240 281 1558 357 conjunctis
1587 279 1808 341 viribus
1826 324 1843 354 ,
1873 299 2003 339 eam
2033 300 2142 360 op-

40 390 376 464 pugnarunt
399 391 528 437 tum
564 389 764 460 aperta
801 377 859 439 vi
883 421 898 450 ,
943 372 1242 433 dirissimis
1278 372 1493 433 scilicet
1518 375 1577 432 in
1603 395 1732 434 eam
1769 379 2006 456 ejusque
2029 375 2143 433 mi-

43 476 259 533 nistros
301 474 560 533 excitatis
595 467 1126 554 persecutionibuS,
1169 477 1300 525 tum
1341 464 1562 529 calamo
1604 490 1670 528 ac
1706 469 1951 550 publicis
1991 470 2143 552 typis

42 570 300 650 undique
341 578 680 649 argumenta
726 563 1131 645 conquirentes
1188 581 1308 619 non
1352 560 1544 619 schim
1598 583 1668 620 ex
1712 565 2005 645 Scriptura
2049 563 2146 625 vel

42 663 429 723 ecclesiasticis
464 658 894 731 monumentis,
935 654 1038 715 sed
1067 665 1127 714 et
1149 676 1220 714 ex
1254 654 1491 713 historia
1511 699 1527 729 ,
1571 655 1946 737 antiquitate,
1973 658 2145 717 chro-

43 757 270 838 nologia
292 802 308 831 ,
339 757 570 839 physica
590 798 607 828 ,
636 751 882 811 mathesi
911 796 928 826 ,
963 749 1344 826 astronomia,
1382 748 1780 831 therapeutica
1808 795 1824 824 ,
1851 751 2104 831 geologia
2123 799 2142 830 ,

38 854 330 935 sculptura
354 898 371 928 ,
411 853 665 934 pictura,
711 848 913 929 poesi,
966 857 1074 906 etc.
1098 894 1115 924 ,
1154 846 1297 906 adeo
1341 856 1408 903 ut
1449 846 1548 906 vix
1588 845 1859 905 humanae
1892 848 2146 909 scientiae

42 948 139 1009 vel
175 949 385 1007 artium
424 944 751 1005 liberalium
793 965 930 1025 pars
966 943 1155 1025 aliqua
1182 943 1286 1015 sit,
1323 963 1437 1023 qua
1477 940 1639 999 abusi
1670 963 1792 1000 non
1833 942 2051 1002 fuerint
2087 954 2146 1003 et

40 1065 111 1103 ex
133 1064 244 1124 qua
265 1040 586 1101 identidem
615 1061 776 1098 arma
806 1061 927 1097 non
953 1037 1383 1119 desumpserint
1399 1082 1414 1111 ,
1447 1047 1512 1094 ut
1536 1035 1796 1096 Ecclesiae
1818 1040 2147 1113 extremam
2228 1032 2230 1036 ’

38 1138 352 1219 perniciem
392 1137 697 1195 inferrent.

120 1232 259 1290 395.
307 1232 408 1290 Hac
446 1241 727 1312 praeterea
769 1240 935 1288 sectae
962 1249 1200 1303 omneS,
1240 1229 1654 1308 cujuscumque
1688 1225 1927 1285 demum
1963 1225 2148 1286 deno-

38 1327 373 1385 minationis
398 1371 414 1399 ,
450 1325 584 1386 licet
621 1325 777 1385 inter
808 1346 869 1384 se
907 1324 1189 1405 oppositae
1214 1369 1230 1398 ,
1274 1343 1506 1403 semper
1547 1321 1826 1401 colligatae
1864 1322 2102 1381 fuerunt
2126 1368 2144 1396 ,

39 1420 318 1503 quamdiu
345 1431 542 1479 actum
564 1431 653 1479 est
677 1418 749 1478 de
772 1417 1171 1500 impugnanda
1195 1416 1475 1477 catholica
1499 1415 1809 1496 religione,
1843 1427 1904 1475 et
1938 1417 2147 1476 intimo

39 1518 276 1597 insuper
313 1536 468 1574 nexu
506 1518 827 1591 conjunctae
861 1533 994 1572 cum
1034 1513 1279 1571 internis
1315 1510 1581 1570 hostibus
1623 1511 1865 1571 fuerunt
1913 1522 1971 1571 et
2010 1522 2149 1571 sunt

41 1610 115 1669 ad
141 1611 321 1670 finem
357 1609 514 1668 hunc
555 1607 944 1668 obtinendum
965 1654 981 1684 ,
1022 1607 1166 1667 adeo
1187 1620 1253 1666 ut
1282 1606 1595 1666 destructio
1631 1606 1918 1687 religionis
1946 1606 2149 1667 catho-

37 1704 156 1764 licae
190 1705 265 1763 sit
293 1703 456 1765 velut
486 1726 672 1762 unum
718 1705 984 1762 omnium
1023 1702 1181 1784 quod
1216 1701 1324 1761 sibi
1350 1703 1762 1785 proposuerint
1803 1713 1976 1783 atque
2004 1724 2148 1783 pro-

37 1811 280 1882 ponant.
321 1799 611 1861 Adversus
641 1799 793 1858 lianc
822 1820 1002 1857 unam
1037 1798 1298 1871 ethnici,
1340 1797 1615 1858 adversus
1661 1797 1813 1856 hanc
1852 1797 2147 1868 haeretici,

37 1898 419 1973 schismatici,
457 1896 740 1956 increduli
775 1917 977 1956 omnes
1018 1907 1078 1955 et
1110 1895 1347 1977 pessimi
1380 1895 1592 1977 quique
1630 1895 1692 1962 in
1728 1894 1880 1953 hanc
1912 1893 2148 1954 dicteria

38 2004 393 2073 congerunt,
432 1993 495 2051 in
530 1992 680 2051 hanc
717 1991 1037 2052 calumnias
1073 2002 1309 2050 struunt
1330 2035 1346 2065 ,
1381 1990 1533 2049 hanc
1568 2012 1747 2048 unam
1769 1994 1855 2048 'ex
1898 1989 2147 2070 politicis

38 2088 333 2170 principiis
363 2088 614 2148 invisam
642 2087 735 2149 vel
758 2086 966 2146 saltem
991 2097 1317 2168 suspectam
1345 2085 1703 2166 principibus
1734 2084 1873 2146 viris
1904 2083 2149 2143 reddere

38 2195 342 2243 conantur.
401 2183 690 2243 Adversus
730 2181 883 2240 hanc
930 2181 1142 2241 faedera
1194 2192 1252 2240 et
1290 2181 1589 2239 societates
1636 2181 1879 2254 ineunt,
1938 2177 2147 2260 quibus

38 2300 161 2338 sese
198 2277 405 2358 singuli
434 2277 812 2357 jurejurando
851 2275 1225 2357 obstringunt
1248 2322 1264 2350 .‚
1301 2286 1368 2334 ut
1405 2275 1580 2334 nullis
1615 2286 1860 2357 parcant
1896 2275 2150 2357 sumpti*

35 2372 173 2448 buS,
207 2373 382 2433 nullis
419 2372 840 2448 incommodiS,
881 2372 1220 2447 itineribuS,
1257 2369 1433 2430 nullis
1461 2369 1665 2430 mediis
1701 2369 1776 2429 ad
1818 2370 2002 2429 finem
2045 2390 2149 2428 as-

38 2468 398 2550 sequendum
425 2468 540 2548 (1).

125 2563 264 2623 396.
312 2565 355 2622 Ε
406 2575 607 2622 contra
655 2562 964 2622 christiana
1006 2561 1202 2641 religio
1251 2583 1352 2621 seu
1398 2560 1641 2620 Ecclesia
1692 2559 1970 2619 catholica
1999 2604 2018 2635 ,
2073 2558 2147 2618 ab

39 2657 355 2718 humilibus
378 2670 578 2718 exorta
612 2658 908 2740 principiis
930 2704 946 2733 ,
986 2657 1203 2739 passim
1239 2655 1349 2714 sibi
1376 2654 1603 2730 relicta,
1631 2675 1779 2736 saepe
1806 2654 1953 2712 filios
1977 2664 2109 2712 suos
2127 2697 2144 2728 ,

40 2755 139 2836 qui
178 2753 456 2812 auxilium
483 2752 584 2836 ‘illi
627 2752 775 2811 ferre
812 2745 1138 2833 potuissent
1165 2795 1182 2821 ,
1239 2750 1454 2832 paSsim
1493 2748 1892 2808 indifferentes
1924 2791 1940 2824 ,
1991 2769 2147 2830 saepe

40 2847 310 2908 adversos
332 2858 568 2928 experta
592 2858 678 2905 est
696 2891 712 2921 ,
738 2848 839 2928 qui
860 2845 1048 2905 latens
1071 2845 1296 2905 bellum
1317 2845 1380 2902 in
1403 2844 1757 2925 praecipuam
1790 2847 1912 2921 ejus
1942 2841 2142 2902 sedem

40 2963 105 3000 ac
133 2942 196 3001 in
222 2965 323 3003 sua
355 2942 536 3003 veluti
571 2952 753 3000 castra
800 2939 1130 3000 inferebant
1149 2986 1165 3015 .‚
1208 2937 1609 2998 interdicendo
1657 2938 2143 2998 communicatio-

44 3187 294 3238 tendebant
313 3224 326 3246 ‚
358 3197 494 3252 prout
515 3187 710 3236 tendunt
729 3185 790 3236 ad
816 3168 1051 3235 christiani
1133 3184 1336 3234 minibus
1366 3170 1657 3235 bibliothecae
1686 3183 1838 3234 saeculi
1866 3186 1983 3232 xviri
2009 3219 2023 3246 ,
2046 3187 2143 3251 J'am

42 3272 246 3318 nominis
273 3269 522 3317 excidium.
566 3267 671 3316 Non
709 3278 902 3335 parcunt
940 3269 1050 3315 viri·
1133 3266 1498 3315 numerabantur
1514 3266 1787 3333 2‚741‚4oo
1803 3266 2040 3316 volumina
2054 3268 2148 3314 im·

41 3354 157 3408 bus,
191 3353 425 3417 pecuniae,
467 3349 710 3399 calumniis
733 3387 745 3409 ,
780 3350 1047 3418 hypocrisi,
1134 3366 1284 3414 pressa
1330 3365 1519 3415 operum
1570 3349 1773 3399 Voltaire
1801 3388 1813 3410 ,
1858 3348 2091 3397 Rousseau
2126 3382 2141 3406 ,

42 3434 296 3485 dummodo
328 3434 469 3483 finem
491 3451 625 3484 suum
656 3435 911 3484 obtineant.
1135 3431 1394 3492 Helvetius,
1426 3431 1617 3480 Didcrot
1636 3467 1650 3493 ,
1694 3438 1814 3495 εἴας
1853 3447 1977 3481 anno
2013 3426 2135 3492 1827

118 3520 178 3583 (l)
219 3518 273 3566 ln
294 3517 392 3567 sola
418 3516 561 3565 Gallia
591 3517 652 3566 ab
676 3535 800 3566 anno
834 3512 958 3582 1817
991 3516 1051 3563 ad
1135 3513 1500 3564 numerabantur
1517 3511 1809 3577 5,ooo,000.
1879 3558 1885 3563 „

42 3617 216 3650 annum
250 3596 378 3661 1824
401 3635 415 3662 ,
449 3601 625 3648 omissis
663 3597 879 3662 600,ooo
917 3597 1049 3648 voln-
