2554 4140
652 154 805 191 ram».
852 154 910 190 x.
960 154 1026 188 nn
1069 149 1272 188 31111111..
1321 148 1577 188 Pao'rnsr.
2016 123 2131 182 319

33 299 318 357 miserunt
347 295 422 354 ad
450 295 747 354 missiones
790 292 997 352 saltem
1033 288 1189 348 1000
1226 290 1689 362 concionatores3
1739 290 1933 370 itaque
1955 333 1972 362 ,
2016 307 2136 345 11011

33 391 381 473 computatis
402 389 797 464 missionariis,
820 408 962 468 quos
978 375 1366 467 protestantes
1382 384 1641 463 regiones
1659 381 2133 465 suppeditarunt,

35 487 320 545 habemus
369 506 660 543 summam
707 482 869 541 4442
918 479 1032 560 (l).
1078 479 1232 537 Licet
1281 500 1419 539 vero
1467 480 1812 538 missionarii
1853 479 2137 539 societatis

35 580 467 663 propagationis
514 576 807 657 Evangelii
864 581 1173 634 teneantur
1216 575 1385 647 juxta
1439 583 1706 633 tenorem
1759 573 2092 655 diplomatis
2119 619 2136 646 ,

35 676 154 734 dati
183 677 256 733 16
279 677 313 734 J
321 674 441 732 unii
468 672 647 746 1801,
669 668 994 752 prospicere
1021 665 1391 723 instructioni
1411 665 1769 727 coloniarum
1798 668 2141 747 Anglicana-

35 792 166 828 rum
185 815 199 843 ,
237 769 326 828 cui
352 766 695 827 tribuuntur
726 762 843 821 122
868 760 1210 820 missionarii
1231 779 1296 818 ac
1329 758 1406 816 96
1437 758 1852 840 ludimagistri,
1880 774 2141 823 attamen

35 876 260 923 certum
295 874 418 937 est,
466 860 570 920 hos
617 859 772 941 ipsos
807 855 1020 917 debere
1063 876 1300 937 operam
1336 847 1554 914 navare
1593 857 1958 916 conversioni
1998 858 2141 917 infi-

39 956 278 1017 delium.

115 1052 256 1110 246.
298 1049 356 1109 Si
389 1069 526 1126 vero
556 1058 884 1128 spectemus
919 1065 1250 1103 ‘numerum
1275 1043 1612 1102 societatum
1639 1087 1655 1117 ,
1702 1063 1835 1124 quae
1874 1047 2144 1125 pecunias

35 1156 100 1206 ac
137 1145 315 1204 libros
353 1144 666 1226 quotannis
709 1141 1156 1201 subministrant
1192 1139 1268 1199 ad
1306 1162 1452 1222 opus
1497 1141 1889 1200 conversionis
1925 1142 2146 1201 infide-

32 1242 178 1301 lium
210 1286 226 1309 ,
285 1239 653 1300 inveniemus
709 1258 782 1296 ex
839 1236 1041 1315 Anglia
1066 1279 1084 1309 ‚
1142 1234 1400 1294 Statibus
1458 1234 1774 1296 Foederatis
1829 1237 2105 1296 Americae
2127 1283 2142 1311 .,

35 1336 221 1396 Gallia
251 1381 268 1409 .,
322 1334 632 1394 Germania
656 1377 676 1415 ἱ,
725 1331 1066 1407 Hollandia,
1112 1331 1380 1392 Helvetia
1431 1352 1497 1391 ac
1536 1330 1866 1411 regionibus
1906 1343 2146 1414 septen-

35 1429 377 1490 trionalibus
400 1431 532 1488 XIX
563 1428 860 1487 societates
894 1426 1275 1507 principaleS,
1313 1424 1525 1507 quibus
1570 1425 1693 1486 aliae
1730 1438 1980 1508 quatuor
2011 1427 2144 1487 addi

34 1525 255 1586 debent
286 1525 572 1584 institutae
596 1522 672 1581 ad
700 1520 1102 1581 distribuenda
1127 1522 1354 1591 biblia,
1384 1532 1677 1581 tractatus
1699 1525 2032 1602 νθῖιζᾳίοεοε,
2073 1525 2150 1582 Ζί-

37 1623 173 1680 hros
200 1641 451 1699 precum
491 1629 548 1678 ec
595 1619 878 1677 homilias
911 1618 1193 1678 Ecclesiae
1239 1619 1582 1697 anyliccmoe
1617 1616 1727 1698 (2).
1775 1619 2148 1700 Unaquaeque

41 1736 179 1776 vero
206 1736 278 1773 ex
309 1714 399 1772 his
428 1711 796 1772 societatibus
822 1733 951 1770 suas
975 1711 1154 1770 habet
1176 1732 1514 1771 numerosas
1537 1711 1714 1771 veluti
1742 1712 1980 1770 minoris
2005 1733 2150 1792 gen-

39 1810 187 1868 tium
214 1807 545 1868 sodalitates
566 1852 582 1882 ,
617 1828 760 1888 quas
789 1818 999 1867 vocant
1025 1805 1367 1880 auxiliares3
1403 1808 1467 1865 in
1504 1805 1624 1866 sola
1650 1806 1835 1866 Gallia
1876 1806 1996 1865 200
2033 1829 2148 1865 1111-

38 1915 374 1978 merantur,
409 1905 473 1962 in
511 1901 713 1982 Anglia
751 1902 850 1963 vix
889 1902 1188 1961 numerari
1229 1913 1493 1982 possunt.
1545 1903 1762 1983 Scopus
1803 1901 2009 1961 haram
2052 1924 2148 1962 so—

38 2001 311 2060 cietatum
337 2009 458 2076 est,
493 1997 768 2079 pecunias
798 2018 865 2057 ac
897 1995 1076 2056 libros
1110 1992 1553 2057 subministrare
1590 1997 1964 2056 missionariis
1985 2042 2002 2072 ,
2048 1998 2150 2080 qui

37 2094 401 2154 conversioni
434 2092 759 2151 infidelium
789 2091 934 2151 dant
961 2113 1218 2173 operam.
1258 2094 1438 2150 Porro
1470 2091 1558 2151 hae
1585 2093 1884 2152 societates
1902 2098 2029 2170 jam
2071 2094 2146 2153 ab

38 2211 198 2248 anno
240 2188 397 2248 1824
434 2185 959 2249 subministrabant
1002 2185 1242 2265 singulis
1278 2187 1448 2245 annis
1497 2187 1830 2262 1,715,500
1875 2210 2149 2247 nummos

38 2295 289 2344 scutatos
314 2284 579 2361 (francos
604 2283 830 2342 circiter
856 2280 1228 2361 9‚263,700)
1247 2326 1264 2356 ,
1296 2281 1361 2341 id
1389 2293 1505 2359 est,
1534 2282 1695 2342 4700
1733 2284 2002 2361 (francos
2027 2285 2146 2344 cir-

38 2379 182 2439 citer
227 2377 486 2457 18,800)
523 2379 587 2437 in
624 2377 746 2438 dies
779 2376 1034 2457 singulos
1073 2376 1182 2458 (3).
1221 2377 1370 2436 Cum
1401 2399 1540 2440 vero
1583 2379 2150 2439 missionariiadhuc

39 2485 540 2556 conquererentur
569 2472 644 2533 de
678 2469 1281 2554 ejusmodi'stipendio
1313 2474 1477 2555 quasi
1515 2475 1689 2534 nimis
1717 2475 1961 2555 exiguO,
2002 2475 2153 2535 redi-

37 2581 130 2629 tus
154 2592 255 2630 seu
277 2580 604 2652 proventus
623 2570 804 2628 annui
820 2569 1161 2628 societatum
1172 2571 1297 2648 jam
1311 2568 1701 2629 ascendebant
1716 2570 1792 2631 ad
1810 2570 2151 2645 3.,431,000

40 2676 288 2724 scutatos
339 2664 570 2743 (franc.
623 2661 1047 2741 18,527,400)
1099 2661 1210 2742 (4).
1267 2663 1518 2722 Societas
1573 2662 1786 2723 biblica
1838 2665 2152 2724 innumera

42 2758 391 2839 exemplaria
448 2759 508 2816 S.
545 2757 895 2835 Scripturae‚
941 2756 1003 2814 in
1046 2756 1241 2818 omnia
1285 2756 1404 2816 fere
1444 2756 1720 2816 idiomata
1762 2779 1827 2817 ac
1871 2758 2150 2818 dialectus

45 2871 336 2913 conversae
357 2898 374 2925 ‚
410 2850 723 2932 quotannis
746 2848 1045 2909 distribuit
1068 2871 1178 2932 ope
1206 2856 1444 2909 snorum
1467 2850 1915 2933 publicanorum
1936 2865 1996 2914 et
2033 2853 2150 2915 via-

44 2957 282 3023 1010111,
323 2947 423 3030 qui
468 2945 650 3008 veluti
697 2945 946 3007 totidem
999 2946 1346 3007 missionarii
1395 2947 1641 3029 spectari
1693 2946 1931 3010 debent.
1982 2950 2152 3009 Anno

120 3217 190 3281 (l)
224 3218 671 3286 Nouveaujoumal
684 3221 952 3286 aetatique,
970 3220 1059 3268 Pa·
1207 3218 1272 3284 (3)
1313 3218 1543 3288 Quat-ter.
1573 3220 1692 3270 Rev.
1723 3238 1824 3286 pag.
1854 3237 1937 3290 29.
2027 3245 2030 3247 ·

44 3301 104 3347 ris
126 3298 268 3362 1828,
287 3312 398 3351 10111.
426 3319 459 3350 n
476 3337 493 3361 ,
508 3320 555 3368 p.
570 3319 654 3371 29,
672 3313 907 3370 computat
924 3301 1056 3353 5000
1206 3303 1272 3367 (A)
1307 3302 1398 3369 Qui
1414 3303 1619 3352 calculus
1635 3303 1766 3353 valde
1781 3305 2043 3355 moderatus
2059 3315 2147 3355 est.

47 3383 368 3432 missionarios.
1138 3382 1190 3432 E
1182 3384 1483 3449 phemeridee
1493 3388 1617 3434 enim
1629 3387 2013 3447 asiaticoe‚Paris.
2027 3404 2045 3436 1
2053 3385 2154 3437 828

116 3462 181 3526 (2)
220 3462 402 3513 Jowett.
441 3464 693 3514 Christian
717 3466 980 3516 researches
1001 3469 1058 3515 in
1141 3476 1256 3515 tom.
1299 3483 1336 3515 11
1356 3502 1374 3530 ,
1412 3485 1514 3533 pag.
1553 3468 1616 3518 32
1631 3505 1646 3530 ‚
1684 3470 1753 3519 illi
1787 3470 1967 3519 addunt
2009 3471 2149 3518 vicies

45 3541 121 3591 the
133 3545 534 3608 mediterraneam,
558 3547 588 3597 3
603 3547 719 3599 edit.
736 3547 888 3601 Loud.
912 3546 1057 3613 1824,
1142 3559 1335 3599 centena
1356 3549 1501 3600 millia
1531 3550 1756 3602 librarum
1787 3552 2076 3619 gallicarum.

45 3640 150 3689 pag.
177 3623 292 3675 318.
