2554 4140
285 139 404 200 346
898 163 967 198 im
1010 161 1163 200 VERA
1210 160 1333 199 nm.
1383 162 1517 201 Anv.
1567 164 1771 202 Herna.

283 302 605 373 revelati03
647 300 694 358 si
734 299 892 358 enim
943 299 1251 380 religiones
1301 324 1505 361 omnes
1561 303 1686 363 sive
1733 303 2063 364 christianae
2104 306 2227 367 sive
2268 311 2424 370 anti-

282 396 615 458 christianae
641 416 807 477 aeque
836 394 1009 456 bonae
1044 408 1186 456 sunt
1212 418 1277 456 ac
1315 398 1596 458 salutares
1620 443 1638 472 7
1678 398 1754 458 ad
1782 399 1926 481 quid
1969 402 2119 460 Deus
2150 401 2425 467 volunta—

283 505 408 552 tem
433 513 600 550 suam
627 490 969 550 hominibus
1002 493 1411 574 patefecisset?
1443 494 1530 553 Ad
1557 494 1704 576 quid
1730 496 2013 578 supplicia
2040 500 2426 562 comminatus

282 599 436 647 esset
462 588 527 646 in
552 608 684 661 eos7
719 588 823 669 qui
864 592 986 667 ejus
1026 590 1365 649 resisterent
1394 590 1686 649 voluntati
1710 590 1741 650 ’ἲ
1780 594 1991 652 Nonne
2021 592 2276 654 illusoria
2299 618 2428 655 om-

281 684 381 743 nia
432 684 543 742 ista
596 683 829 743 forent?
873 686 949 744 At
990 706 1131 744 vero
1190 707 1313 744 mm
1362 698 1450 745 est
1489 688 1654 746 Deus
1697 693 1883 767 quasi
1919 689 2119 765 homo7
2166 702 2235 750 uc
2272 713 2429 751 men-

282 784 481 839 tiatur
504 825 519 854 7
559 801 666 839 nec
694 781 945 860 utfilius
967 782 1232 840 hommes
1252 825 1269 855 7
1301 792 1375 840 ut
1406 794 1713 858 mutetur,-
1749 786 1915 843 dia-it
1939 806 2074 865 erqo
2109 797 2166 844 et
2193 808 2316 846 non
2332 791 2430 868 fa-

281 881 429 948 ciet,
471 879 701 936 locutus
735 888 822 935 est
864 888 920 936 et
961 898 1082 937 mm
1116 877 1395 955 implebit
1428 878 1647 956 (Num.
1696 882 1880 938 XXIV
1902 926 1918 954 7
1954 881 2075 961 19)
2103 880 2131 939 52

363 972 508 1032 292.
558 971 1054 1032 Ενίῐιοὶωυείῌιιά
1064 973 1133 1029 20
1153 989 1230 1030 ex
1255 993 1325 1030 eo
1349 972 1510 1054 quod
1523 975 1586 1032 in
1605 975 1706 1034 tali
1719 975 2029 1058 hypothesi
2048 976 2178 1037 duae
2195 978 2289 1040 vel
2302 978 2431 1061 plu-

281 1091 382 1141 res>
404 1068 688 1128 darentur
712 1068 989 1128 veritates
1012 1067 1125 1126 sibi
1148 1067 1404 1129 invicem
1433 1072 1740 1129 contrariae
1760 1096 1776 1144 ς
1805 1071 1917 1131 hoc
1940 1095 2079 1133 vero
2105 1073 2430 1136 absurdum

286 1187 413 1226 esse
431 1185 608 1222 nemo
624 1185 747 1221 non
765 1162 928 1223 videt
950 1188 965 1236 ς
993 1163 1215 1222 etenim
1237 1163 1449 1224 veritas
1466 1163 1772 1224 individua
1792 1177 1882 1224 est
1892 1187 1961 1225 ac
1976 1169 2426 1250 simplicissima7

281 1282 391 1320 nec
425 1259 536 1341 ipsi
567 1259 788 1342 opponi
825 1270 1021 1341 potest
1047 1260 1160 1318 nisi
1186 1281 1349 1318 error
1375 1271 1438 1319 et
1464 1258 1705 1318 falsitas
1738 1261 1960 1319 Veritas
1985 1266 2308 1324 necessario
2335 1287 2432 1324 ex-

283 1355 468 1416 cludit
492 1377 752 1415 errorem
777 1367 837 1415 et
860 1355 1176 1415 falsitatem
1199 1401 1214 1431 7
1248 1367 1316 1414 ut
1341 1355 1441 1415 lux
1468 1354 1744 1415 tenebras
1769 1355 2013 1436 expellit
2034 1400 2049 1431 7
2081 1377 2273 1440 neque
2294 1381 2431 1420 cum

283 1453 352 1512 iis
383 1453 700 1513 consistere
736 1451 856 1511 ullo
886 1452 1061 1511 modo
1092 1463 1309 1535 potest.

363 1548 510 1609 293.
561 1548 627 1608 30
670 1550 754 1607 Ex
787 1570 856 1608 eo
904 1547 1063 1631 quod
1108 1559 1251 1608 tunc
1285 1549 1441 1608 Deus
1487 1569 1653 1630 aeque
1695 1548 2166 1630 patrocinaretur
2199 1549 2433 1610 veritati

284 1657 345 1707 et
377 1646 561 1706 errori
581 1692 597 1719 7
641 1657 701 1705 et
727 1667 892 1727 aeque
926 1644 1195 1725 diligeret
1223 1656 1283 1705 et
1312 1644 1568 1705 salvaret
1609 1666 1706 1705 eos
1728 1690 1744 1717 7
1777 1645 1878 1727 qui
1910 1645 2022 1727 ipsi
2054 1644 2434 1728 obsequeren-

284 1754 420 1817 tur7
460 1752 520 1801 et
554 1763 651 1802 eos
671 1788 687 1818 7
736 1741 837 1823 qui
876 1740 1209 1803 voluntarie
1241 1752 1302 1800 et
1335 1739 1709 1822 culpabiliter
1742 1740 1852 1822 ipsi
1895 1741 2269 1817 resisterent,
2294 1743 2432 1822 reJi-

284 1849 603 1920 cerentque
661 1837 938 1897 veritates
988 1859 1021 1896 a
1062 1858 1123 1897 se
1174 1836 1496 1897 credendas
1550 1837 1877 1919 propositas
1908 1861 1925 1909 3
1967 1847 2027 1896 et
2072 1849 2383 1920 propterea
2413 1884 2430 1914 7

286 1934 447 2016 quod
483 1953 848 2015 consequens
872 1944 962 1992 est
989 1978 1006 2008 7
1040 1935 1195 1993 Deus
1227 1945 1377 1994 esset
1410 1932 1754 1993 indifferens
1795 1932 1872 1992 ad
1903 1934 2214 1995 veritatem
2242 1946 2301 1994 et
2322 1934 2433 1994 fal-

285 2031 521 2089 sitatem
551 2076 565 2105 7
599 2028 675 2088 ad
710 2029 994 2088 virtutem
1034 2041 1094 2089 et
1129 2030 1342 2088 vitium
1377 2076 1391 2105 7
1432 2029 1508 2088 ad
1546 2029 1944 2089 obedientiam
1980 2050 2044 2088 ac
2078 2029 2435 2111 perduellio-

286 2148 448 2185 nem.
491 2125 665 2199 Quod
700 2137 854 2185 esset
884 2124 1190 2185 destruere
1223 2127 1414 2208 ipsam
1440 2127 1546 2187 Dei
1571 2127 1881 2185 notionem
1909 2171 1925 2201 7
1952 2136 2129 2207 atque
2158 2125 2434 2186 inducere

291 2224 485 2281 Deum
515 2222 768 2304 Epicuri.

370 2317 512 2376 294.
559 2318 626 2375 4ο
669 2319 752 2376 Ex
776 2338 847 2376 eo
875 2316 1033 2398 quod
1057 2316 1322 2376 Christus
1343 2363 1359 2391 7
1387 2320 1435 2376 si
1459 2339 1651 2378 sermo
1680 2320 2008 2401 praesertim
2032 2321 2107 2380 sit
2132 2314 2205 2379 de
2231 2316 2437 2378 diver-

290 2414 366 2472 sis
412 2412 882 2472 Christianorum
926 2413 1095 2471 sectis
1135 2458 1151 2486 7
1211 2424 1414 2472 auctor
1467 2413 1672 2473 fuisset
1727 2426 1787 2473 et
1828 2416 2124 2475 revelator
2163 2416 2435 2474 omnium

290 2510 717 2569 contrariarum
744 2509 1095 2591 opinionum
1116 2553 1131 2583 7
1153 2529 1283 2591 quae
1301 2509 1678 2590 reperiuntur
1708 2510 1770 2567 in
1794 2509 2039 2570 diversis
2058 2511 2149 2568 his
2171 2531 2236 2569 ac
2252 2531 2436 2592 prope

289 2606 618 2664 innumeris
636 2606 805 2664 sectis
823 2649 838 2679 7
866 2626 988 2662 non
1004 2603 1195 2662 solum
1220 2604 1420 2666 divisis
1444 2604 1517 2663 ab
1536 2604 1782 2664 Ecclesia
1801 2605 2081 2665 catholica
2101 2651 2117 2681 7
2137 2605 2242 2665 sed
2257 2606 2438 2665 etiam

291 2702 449 2760 inter
498 2722 580 2760 se.
630 2700 897 2760 Christus
942 2711 1254 2782 propterea
1306 2722 1367 2760 se
1418 2703 1609 2760 Deum
1657 2722 1783 2761 esse
1825 2713 1884 2762 et
1929 2724 2052 2761 non
2102 2722 2227 2761 esse
2264 2720 2438 2762 ‘reve-

291 2796 471 2857 lasset
489 2844 505 2872 7
535 2797 632 2859 vel
663 2797 866 2857 saltem
907 2796 1249 2858 indifferens
1278 2809 1431 2858 esset
1459 2797 1536 2857 ad
1565 2809 1914 2881 utrumque7
1947 2800 2070 2860 sive
2099 2797 2443 2858 adoraretur

293 2904 361 2953 ut
387 2894 543 2953 Deus
567 2939 590 2969 7
614 2894 735 2957 sive
758 2893 1077 2953 haberetur
1107 2905 1176 2952 ut
1198 2893 1450 2977 simplex
1482 2906 1747 2954 creatura
1767 2940 1782 2970 7
1809 2906 1869 2954 et
1897 2896 1977 2954 sic
2003 2895 2077 2954 de
2103 2895 2306 2955 ceteris
2328 2920 2344 2969 ς
2375 2915 2442 2954 ac

293 2989 431 3050 licet
465 2991 590 3073 ipse
631 2989 936 3072 quidpiam
967 2988 1265 3066 docuerit7
1307 2990 1458 3049 nihil
1500 2991 1681 3072 ipsius
1723 2990 2003 3066 referret7
2044 2991 2152 3050 etsi
2190 2991 2438 3072 quisque

297 3088 657 3146 contrarium
685 3088 928 3146 omnino
955 3085 1192 3147 doceret
1218 3109 1284 3146 ac
1311 3088 1556 3147 sentiret
1575 3133 1590 3161 7
1616 3099 1677 3147 et
1701 3087 1812 3146 hoc
1830 3109 1951 3146 non
1977 3109 2049 3146 ex
2079 3086 2438 3167 ignorantia,

297 3181 402 3241 sed
432 3204 503 3240 ex
533 3182 865 3243 voluntaria
888 3182 1131 3267 perfidia
1149 3195 1210 3242 et
1234 3184 1620 3244 contumacia.
1653 3185 1794 3257 Quae
1825 3182 2066 3265 quidem
2092 3182 2288 3242 omnia
2309 3181 2444 3241 alia-

299 3299 414 3360 que
442 3301 562 3337 non
592 3302 773 3361 pauca
798 3327 813 3356 7
855 3300 990 3363 quae
1035 3281 1227 3360 urgeri
1269 3292 1511 3363 possent
1537 3326 1552 3357 7
1590 3302 1712 3340 non
1756 3279 1949 3338 solum
1984 3279 2189 3338 falsam
2226 3289 2285 3338 et
2324 3279 2442 3336 im-

299 3375 460 3457 piam
489 3420 506 3450 7
537 3374 786 3457 ideoque
817 3378 879 3436 in
910 3380 1100 3436 Deum
1128 3376 1616 3437 contumeliosam
1645 3421 1661 3451 7
1698 3375 1800 3435 sed
1844 3387 1905 3435 et
1941 3374 2257 3434 absurdam
2293 3378 2444 3452 ejus-

301 3470 462 3529 modi
494 3470 868 3531 tolerantiam
915 3474 1232 3548 evincunt7
1285 3484 1493 3556 utpote
1539 3483 1599 3532 et
1638 3471 1985 3533 revelationi
2028 3493 2093 3530 ac
2131 3482 2303 3530 rectae
2333 3467 2441 3550 ipsi

303 3567 516 3628 rationi
553 3568 926 3627 contrariam.

385 3663 530 3723 295.
575 3662 747 3739 Quod
776 3675 836 3723 et
861 3664 972 3746 ipsi
998 3667 1395 3726 protestantes
1421 3663 1496 3724 ad
1524 3663 1650 3724 haec
1678 3665 1804 3746 ipsa
1840 3664 2025 3724 ferme
2055 3674 2320 3742 tempora
2352 3659 2444 3718 vi-
