2554 4140
201 150 320 212 380
1183 173 1376 212 mmzx.

488 319 675 379 PARS
718 318 1005 380 ALTERA
1050 318 1428 380 ADVERSUS
1472 317 2037 380 HETERODOXOS.

202 475 416 535 PROP.
468 474 512 534 Ι.
706 474 1112 536 Validissimce
1146 479 1408 535 rationes
1441 476 1789 548 ostendunt,
1825 477 1896 536 cle
1934 482 2037 537 via
2064 499 2170 537 or-

779 571 1040 630 dinaria
1063 570 1342 631 divinam
1365 574 1780 632 revelationem
1804 575 1884 634 ab
1909 579 2171 634 auctori-

777 677 895 726 tate
910 668 1207 726 divinitus
1221 671 1504 727 instituta
1519 680 1695 748 atque
1707 671 2036 750 infallibili
2044 691 2173 731 cus-

776 763 968 822 todiri
977 806 1000 835 ,
1045 773 1223 841 atque
1242 770 1513 844 proponi
1536 766 1761 824 debere.
1836 847 1840 850 ι
2213 764 2334 826 207

694 873 1158 933 Dmmcmu'rsss.
2215 875 2336 934 210

202 993 416 1053 PROP.
466 994 537 1054 ΙΙ.
699 996 838 1055 Sola
858 993 1133 1054 Ecclesia
1147 1014 1187 1052 a
1211 991 1444 1052 Christo
1460 997 1745 1055 instituta
1765 1001 2068 1058 instructa
2092 1010 2176 1058 est

783 1095 895 1148 hac‘
932 1091 1264 1168 infallibili
1291 1092 1666 1149 auctoritate.
2220 1093 2340 1153 215

697 1200 1172 1259 Dmmcm‘runs.
2219 1202 2341 1262 220

210 1321 422 1383 PROP.
470 1323 570 1383 ΙΙΙ.
698 1324 838 1383 Sola
860 1325 1125 1405 proinde
1143 1324 1416 1385 Ecclesia
1446 1325 1672 1385 Christi
1696 1335 1779 1385 est
1800 1335 1995 1386 custos
2018 1336 2073 1386 et
2090 1331 2182 1385 in-

785 1431 1012 1501 terpres
1024 1422 1379 1500 infallibilis
1394 1422 1622 1480 divinoe
1637 1424 2014 1481 revelationis
2030 1469 2045 1491 ,
2063 1426 2183 1481 sive

784 1519 926 1575 viva
947 1537 1077 1575 voce
1096 1538 1214 1597 per
1227 1518 1615 1576 traditionem
1641 1524 2038 1588 transmissae,
2063 1522 2183 1577 sive

790 1614 1008 1672 litteris
1045 1618 1429 1694 consignatoe.
2226 1612 2347 1671 224

707 1727 1172 1785 DlFFICULTATES.
2223 1722 2343 1782 226

211 1849 426 1909 PROP.
478 1850 573 1910 1V.
706 1849 981 1910 Ecclesia
1009 1850 1235 1910 Christi
1258 1859 1342 1909 est
1359 1870 1487 1909 una
1501 1891 1522 1921 ,
1552 1848 1815 1908 visibilis
1842 1859 2015 1928 atque
2037 1869 2183 1928 per-

779 1957 985 2026 petua.
2229 1941 2352 2002 230

569 2104 580 2116 .
705 2055 1182 2118 Dmme‘rA‘rEs.
2230 2052 2351 2113 236

215 2179 429 2240 PROP.
482 2180 545 2239 V.
707 2181 779 2241 H
775 2185 874 2241 inc
899 2184 1024 2241 sola
1047 2181 1317 2243 Ecclesia
1340 2179 1631 2239 catholica
1656 2188 1742 2239 est
1758 2198 1895 2238 vera
1918 2176 2188 2237 Ecclesia
2286 2247 2293 2258 x

799 2278 1046 2338 Christi.
2233 2266 2354 2332 248

713 2390 1178 2450 Dmmcmu'rns.
2236 2381 2355 2442 257

225 2510 437 2571 PROP.
492 2512 583 2570 VI.
720 2511 1102 2592 Quicumque
1136 2514 1342 2590 quovis
1375 2519 1632 2589 tempore
1669 2510 1925 2587 spiritns
1953 2510 2203 2586 privati
2236 2504 2240 2509 ”

787 2610 1026 2688 placita
1073 2607 1347 2665 sectando
1396 2626 1511 2664 sese
1561 2614 1871 2683 opponunt
1915 2604 2197 2663 Ecclesice

798 2704 1101 2763 catholicae
1118 2706 1482 2783 mayisterio,
1500 2701 1737 2759 rebelles
1753 2710 1899 2759 sunt
1910 2747 1926 2770 ,
1954 2701 2199 2759 sectarii

799 2811 857 2858 et
888 2810 1215 2859 novatores.
2243 2791 2364 2851 264

720 2914 1184 2972 Dmmcmums.
2244 2905 2362 2963 269

233 3033 449 3096 PROP.
492 3030 613 3095 Vll.
726 3035 938 3114 Quoad
962 3055 1053 3094 cos
1066 3077 1089 3106 ,
1117 3038 1230 3114 qni
1245 3037 1673 3093 auctoritatem
1694 3034 1989 3110 rejiciunt
2009 3029 2201 3089 catho-

807 3133 939 3191 licoe
977 3131 1256 3191 Ecclesiae
1274 3174 1298 3203 ,
1339 3140 1410 3188 nt
1429 3133 1687 3209 spiritus
1706 3129 1953 3207 privati
1965 3127 2203 3207 placita

810 3237 1142 3298 sectentur,
1171 3226 1346 3286 nulla
1371 3226 1554 3285 datur
1574 3244 1713 3283 vera
1740 3224 1884 3302 fides
1898 3265 1921 3295 ,
1953 3223 2056 3282 sed
2074 3225 2205 3303 opi-

806 3327 910 3382 nio
947 3333 1187 3383 tantum
1207 3347 1230 3397 5
1267 3324 1357 3382 vel
1385 3322 1663 3381 dubium.
2245 3316 2365 3377 276

724 3435 1185 3494 nmmum-uns.
2246 3423 2367 3484 284

238 3520 450 3617 PROP.
499 3556 649 3617 V111.
730 3557 1025 3618 Haeretici
1037 3568 1093 3617 et
1105 3558 1508 3617 schrismatici
1523 3555 1821 3616 declarati
1835 3563 2005 3614 eoetra
2024 3552 2253 3614 Christi

816 3654 1153 3715 Ecclesiam
1182 3664 1345 3714 sunt.
2249 3642 2370 3702 290
