2554 4140
346 16 467 77 240
990 40 1057 75 nn
1104 38 1253 78 VERA
1296 40 1419 77 nm..
1470 41 1609 81 Anv.
1654 43 1852 83 aaran.

343 184 663 242 verborum
682 224 697 254 ‚
747 201 883 259 quae
918 202 959 239 a
980 201 1075 240 me
1089 223 1110 252 ,
1147 181 1340 263 inquit
1368 227 1383 256 .,
1423 184 1663 242 audisti
1683 189 1752 243 in
1770 186 1890 263 fide
1924 186 1947 265 (
1969 188 2019 247 ΙΙ
2047 190 2196 251 Tim.
2225 196 2279 270 Ι,
2323 196 2455 275 13).

343 277 584 337 Ludicra
623 296 800 357 porro
830 276 1030 335 fuisset
1071 275 1191 335 haec
1227 278 1694 354 commendati0.‚
1735 280 1782 338 si
1819 279 1995 340 verba
2024 304 2147 341 non
2179 300 2316 348 sunt
2351 291 2466 349 nisi

343 393 510 433 voces
528 392 706 431 sensu
732 393 950 432 vacuae.
973 372 1122 431 Cum
1139 372 1493 454 legislatores
1509 374 1666 453 leges
1678 374 1941 434 condunt
1960 419 1976 450 ,
2002 377 2098 437 vel
2112 399 2246 439 cum
2259 384 2467 463 princi-

338 489 443 550 pes
473 466 704 528 decreta
736 467 1149 548 promulgant,
1191 470 1253 528 in
1278 469 1595 530 adversarii
1625 470 1937 553 hypothesi
1966 494 2090 532 non
2121 474 2335 539 darent
2355 481 2468 538 nisi

338 584 508 626 voces
522 562 741 646 absque
765 585 970 638 sensu3
997 586 1132 624 cum
1155 565 1367 625 medici
1387 565 1771 648 pharmacum
1802 569 2026 647 aegrotis
2048 559 2465 651 praescribunt‚

337 681 460 718 non
502 659 948 741 praescriberent
988 661 1103 720 nisi
1134 660 1495 721 materialem
1542 661 1858 722 verborum
1893 663 2238 741 formulam;
2271 677 2467 749 patres

337 748 582 816 familias
618 755 750 815 filiis
777 756 893 815 suis
924 755 1261 838 petentibus
1292 778 1510 837 panem
1529 801 1546 830 a
1584 757 1724 817 dare
1756 771 2000 840 possent
2022 758 2282 842 lapidem
2301 808 2317 836 ,
2352 785 2462 844 pro

337 877 447 917 ovo
470 854 837 936 scorpionem
854 898 870 927 ,
898 875 1004 935 pro
1028 853 1184 934 pisce
1206 863 1563 933 serpentem.
1590 854 1745 914 Adeo
1766 855 2062 938 desipiunt
2083 904 2099 933 .,
2138 859 2239 939 qui
2265 860 2463 919 unita-

336 963 460 1010 tem
497 949 758 1010 Ecclesiae
804 947 1196 1030 impugnant!
1250 949 1540 1026 Negamus
1575 961 1853 1028 praeterea
1899 952 2244 1028 Ecclesiam,
2292 977 2471 1036 quam

337 1047 548 1108 dicunt
562 1042 957 1123 evangelicam
978 1087 994 1117 ‚
1028 1042 1284 1124 proutin
1302 1042 1550 1102 Ecclesia
1567 1043 1845 1104 catholica
1869 1048 2025 1127 viget
2045 1093 2061 1124 ,
2086 1070 2206 1131 prae
2234 1071 2293 1109 se
2320 1050 2471 1112 ferre

334 1142 624 1200 unitatem
662 1138 830 1212 fidei,
870 1148 1000 1196 tum
1031 1138 1165 1219 quia
1205 1159 1277 1197 ex
1310 1138 1779 1197 Protestantismi
1806 1142 2045 1200 notione
2067 1188 2083 1216 .,
2103 1156 2190 1203 ἰιι
2227 1144 2469 1206 inferius

338 1257 701 1319 exponemus
726 1280 741 1309 ,
778 1233 1006 1292 nullam
1030 1232 1213 1292 habet
1243 1234 1679 1307 auctoritatem,
1724 1255 1841 1316 qua
1879 1237 2255 1317 praescribere
2292 1242 2472 1321 possit

339 1330 626 1412 ejusmodi
653 1329 791 1390 fidei
818 1330 1108 1389 unitatem
1127 1375 1143 1405 ,
1179 1341 1309 1388 tum
1340 1330 1475 1411 quia
1500 1329 1759 1389 Ecclesiae
1787 1331 2025 1410 singulae
2053 1333 2311 1394 diversas
2336 1335 2472 1395 fidei

335 1428 729 1511 professiones
774 1425 1033 1501 habent,
1073 1447 1216 1508 quas
1257 1447 1365 1506 pro
1403 1425 1743 1486 diversitate
1777 1438 2115 1510 temporum
2152 1451 2269 1489 seu·
2293 1431 2474 1490 scien·

335 1526 551 1584 tiarum
581 1544 926 1606 progressu,
967 1534 1034 1581 ut
1060 1522 1172 1603 ipsi
1195 1521 1401 1581 dicunt
1423 1568 1439 1597 .‚
1476 1523 1734 1597 variant,
1771 1534 1896 1582 tum
1932 1526 2065 1606 quia
2084 1531 2323 1605 passim
2344 1529 2471 1605 jam

333 1621 566 1680 nullum
601 1618 822 1678 librum
851 1617 1238 1699 symbolicum
1265 1617 1591 1678 admittunt
1621 1618 1728 1699 (1).

403 1899 468 1964 (l)
508 1897 722 1956 Ecclesiae
748 1896 1020 1961 evangelicae
1044 1897 1262 1945 rhenanae
1279 1932 1291 1956 ‚
1309 1898 1359 1944 in

332 1983 514 2030 decreto
540 1982 726 2029 unionis
758 1978 784 2046 ὃ
813 1978 872 2037 3,
900 1980 1205 2029 decreverunt
1225 1997 1357 2028 assu-

333 2081 458 2112 mere
500 2081 650 2111 sacras
686 2062 942 2127 Scripturas
985 2062 1110 2110 velut
1160 2063 1358 2109 unicum

333 2146 549 2194 doctrinae
585 2145 860 2210 theologicae
893 2144 1256 2192 fundamentum
1283 2179 1296 2202 ‚
1334 2161 1360 2191 e

334 2229 490 2277 medio
503 2227 707 2276 tollendo
718 2227 1051 2293 quodcumque
1066 2225 1331 2290 symbolum
1344 2244 1357 2284 ς

332 2309 459 2377 quod
489 2310 725 2359 decretum
753 2310 1081 2357 confirmatum
1105 2308 1194 2355 fuit
1206 2343 1224 2368 ‚
1246 2318 1358 2372 post

334 2410 506 2441 novam
536 2390 912 2441 deliberationem
942 2392 1113 2438 mensis
1128 2388 1357 2438 Novemb.

340 2473 496 2535 1825,
528 2493 554 2523 a
587 2476 718 2523 tertia
751 2473 938 2539 Synodo
970 2472 1172 2538 generali
1201 2471 1358 2519 Eccle-

332 2560 412 2606 siae
453 2557 749 2606 Protestantis
783 2554 1224 2604 Rheno-Bavaricae.
1265 2553 1355 2602 Ec-

331 2641 471 2690 clesia
507 2638 787 2688 Genevensis
823 2641 991 2703 pariter
1026 2640 1185 2686 omnia
1227 2655 1355 2703 sym-

329 2723 437 2772 bola
469 2733 513 2771 et
527 2722 853 2771 *confessiones
879 2721 989 2770 fidei
1003 2722 1156 2787 rejecit
1177 2757 1191 2780 ,
1211 2722 1261 2768 in
1273 2738 1356 2768 suo

330 2815 502 2853 statuto
533 2805 620 2853 sub
644 2804 720 2852 die
752 2805 782 2852 3
808 2801 923 2854 Maii
953 2801 1097 2865 1837-
1125 2802 1239 2867 Quae
1253 2804 1357 2868 qui-

330 2887 438 2936 dem
465 2887 746 2935 documenta
778 2886 964 2952 aliaque
995 2884 1356 2933 inferius‘dabi-

333 2987 456 3018 mus.
494 2969 672 3018 Interea
697 2978 822 3034 patet
843 2971 965 3016 viam
999 2970 1252 3032 impiorum
1282 2984 1354 3015 re-

330 3070 437 3101 vera
481 3068 576 3101 esse
626 3051 919 3100 tenebrosam
958 3067 972 3112 3
1018 3052 1233 3099 nesciunt
1268 3048 1351 3096 ubi

331 3144 572 3193 corruant3
589 3133 703 3182 adeo
717 3151 885 3198 nempe
901 3134 1026 3199 apud
1036 3130 1355 3182 Protestantes

331 3233 405 3265 res
433 3215 544 3264 fidei
580 3231 636 3263 ac
669 3216 900 3281 religionis
936 3214 1212 3280 perturbatas
1247 3226 1355 3263 sunt

331 3308 377 3348 et
399 3298 604 3346 confusae
629 3335 642 3356 ‚
671 3307 723 3345 ut
746 3301 956 3345 nesciant
989 3298 1070 3346 ubi
1097 3299 1266 3363 pedem
1293 3297 1352 3343 fi-

331 3391 473 3445 gant,
503 3396 656 3445 neque
672 3379 756 3426 ubi
773 3383 1042 3433 consistant.
1065 3381 1178 3428 Dixi
1196 3392 1351 3428 autem

322 3464 513 3529 passim
530 3462 834 3510 Protestantes
852 3460 1036 3510 nullum
1052 3465 1149 3528 jam
1176 3463 1350 3510 librum

332 3546 642 3611 symbolicum
685 3542 961 3609 admittere3
994 3547 1219 3610 quoniam
1257 3562 1353 3593 non

1451 1900 1612 1963 ignoro
1635 1897 1835 1964 >aliquot
1878 1896 2233 1947 Protestantium
2261 1916 2470 1949 commu-

1450 1983 1613 2030 niones
1643 1977 1872 2047 ejusmodi
1905 1980 2046 2028 libros
2070 1981 2225 2029 adhuc
2241 1984 2466 2045 retinere3

1448 2065 1544 2111 imo
1573 2065 1624 2110 in
1660 2061 1876 2111 Borussia
1918 2081 1996 2110 rex
2023 2066 2121 2128 ipse
2158 2081 2327 2112 novam
2364 2083 2389 2112 a
2421 2082 2468 2112 se

1448 2146 1620 2194 editam
1639 2145 1870 2209 liturgiam
1902 2154 2124 2218 tanquam
2151 2145 2321 2193 librum
2343 2163 2467 2210 sym-

1446 2227 1655 2275 bolicum
1677 2264 1691 2287 ,
1718 2226 1884 2275 saltem
1917 2221 1975 2287 ut'
1990 2230 2331 2291 expressionem
2360 2228 2467 2277 fidei

1448 2327 1530 2374 per
1544 2310 1697 2357 cultus
1713 2310 2087 2357 uniformitatem
2103 2310 2464 2371 manifestatam,

1446 2390 1782 2456 promulgavit,
1805 2407 2058 2456 omnesque
2084 2393 2320 2439 ministros
2337 2394 2466 2457 jure-

1441 2475 1640 2540 jurando
1656 2474 1714 2521 ad
1730 2491 1830 2522 eam
1849 2474 2188 2538 suscipiendam
2202 2474 2464 2524 adstrinxit.

1444 2555 1535 2605 Sed
1565 2566 1731 2604 notum
1763 2558 1931 2620 pariter
1958 2566 2024 2603 est
2054 2556 2181 2604 hisce
2214 2558 2432 2605 ministris
2453 2595 2465 2618 ‚

1446 2641 1527 2704 qui
1546 2641 1594 2686 in
1610 2637 1752 2687 libros
1769 2637 2046 2703 symbolicos
2072 2641 2234 2704 jurant
2251 2676 2265 2699 ‚
2281 2657 2468 2704 persua-

1454 2739 1557 2769 sum
1615 2739 1711 2769 esse
1744 2740 1791 2769 se
1813 2720 2055 2786 hujusmdi
2074 2723 2381 2788 jurejurando
2410 2723 2467 2771 ad

1446 2804 1676 2852 credenda
1703 2804 1777 2851 vel
1805 2804 2013 2852 docenda
2052 2821 2104 2853 ea
2136 2807 2294 2852 omnia
2316 2841 2328 2861 ,
2368 2822 2470 2870 quae

1445 2890 1495 2934 in
1533 2887 1663 2934 libris
1710 2888 1807 2934 istis
1857 2889 2156 2935 continentur
2188 2923 2202 2949 ‚
2251 2888 2469 2952 adstringi

1449 2971 1641 3017 minime
1657 2984 1803 3036 posse.
1823 2967 1978 3016 Iuliae
2001 2987 2135 3033 porro
2151 3006 2163 3029 ‚
2191 2973 2402 3035 ingenuis
2416 2987 2469 3018 ae

1448 3053 1671 3116 religiosis
1691 3053 1798 3098 viris
1816 3069 1910 3099 non
1931 3054 2036 3099 satis
2056 3037 2247 3101 honesia
2270 3091 2283 3112 ,
2305 3053 2468 3118 agendi

1444 3136 1618 3182 ratione
1664 3135 1752 3198 ipsi
1794 3136 1990 3181 ministri
2029 3135 2233 3200 aliquam
2286 3151 2469 3183 excusa-

1443 3219 1619 3264 tionem
1644 3214 1894 3263 obtendere
1911 3233 2040 3280 posse
2056 3217 2272 3265 videntur
2291 3234 2303 3277 3
2323 3218 2468 3280 siqui-

1444 3299 1550 3346 dem
1577 3298 1659 3362 qui
1686 3297 1812 3360 apud
1843 3299 1965 3361 ipsos
1991 3298 2207 3347 Pontifex
2239 3316 2317 3347 seu
2345 3297 2464 3360 Papa

1444 3388 1541 3438 est,
1574 3395 1669 3425 non
1701 3381 1936 3438 censuris,
1969 3381 2043 3429 sed
2084 3391 2163 3428 aut
2198 3379 2466 3444 expulsione

1442 3470 1519 3508 aut
1551 3470 1727 3508 armata
1762 3461 1966 3509 militum
1996 3465 2041 3510 vi
2064 3478 2138 3510 eos
2162 3460 2464 3509 adobedien-

1424 3542 1555 3591 dum
1579 3542 1722 3607 adigit
1745 3559 1760 3608 3
1787 3543 1914 3609 quod
1941 3544 2028 3604 sub
2059 3544 2200 3592 finem
2239 3544 2351 3591 anni
2387 3560 2465 3590 su-
