2554 4140
270 121 386 182 134
929 142 999 178 DE
1042 143 1195 181 VERA
1239 144 1365 180 nm.
1414 142 1550 183 Anv.
1600 144 1757 183 mon.

267 299 414 346 tura
447 293 796 362 excerptum
813 325 834 354 ,
867 304 974 343 nec
1010 289 1329 345 hominum
1356 290 1727 366 maqisteriis
1740 330 1763 360 ,
1793 288 1899 347 sed
1927 292 2153 350 intima
2181 293 2413 352 illumi-

265 387 512 443 natione
563 381 644 439 ab
699 383 1103 464 incunabulis
1149 384 1528 443 illustratum
1571 394 1746 443 tanta
1791 385 2127 446 honestaret
2158 392 2412 468 qratia,

264 490 439 540 tanta
463 479 754 558 firmitate
788 479 1136 553 roboraret,
1175 491 1350 540 tanta
1379 482 1638 561 denique
1682 486 1990 560 majestate
2032 484 2413 558 subveheret,

259 586 331 635 ut
356 579 567 636 omnia
605 578 1065 648 contemnende,
1096 599 1232 655 quoe
1260 583 1458 657 pravi
1481 579 1749 636 homines
1777 582 2076 658 cupiunt,
2112 590 2169 638 et
2205 586 2418 642 omnia

250 673 676 754 perpetiendo,
714 693 848 752 ‹Juoe
876 674 1268 746 horrescunt,
1309 685 1367 732 et
1401 681 1612 734 omnia
1646 676 1933 754 faciendo
1951 719 1973 747 ,
2014 698 2149 755 quoe
2173 681 2420 737 miran-

266 779 407 841 tur,
447 790 644 849 yenus
685 769 1036 828 humanum
1071 770 1160 827 ad
1197 780 1324 828 tam
1368 772 1679 830 salubrem
1714 773 1895 851 fidem
1940 794 2178 832 summo
2217 794 2423 832 amore

264 875 445 946 atque
476 870 838 925 auctoritate
883 876 1264 924 converteret.
1311 867 1404 925 De
1446 867 1781 927 honoribus
1825 890 1961 927 vero
2006 874 2137 948 ejus
2171 872 2421 950 frustra

267 984 326 1022 se
368 964 649 1034 consuli,
693 982 835 1020 cum
874 964 1063 1040 facile
1094 965 1294 1041 possit
1332 966 1724 1037 existimari,
1767 968 1996 1044 quanti
2039 966 2290 1025 honores
2333 966 2427 1025 de·

270 1060 537 1119 beantur
591 1062 907 1138 sapientioe
953 1059 1116 1130 Dei,
1172 1079 1300 1136 qua
1334 1069 1603 1138 qestante
1645 1070 1701 1118 et
1733 1062 2119 1140 yubernante
2163 1065 2264 1121 ille
2305 1082 2426 1143 pro

266 1178 412 1216 vera
470 1156 664 1215 salute
712 1159 956 1235 generis
1011 1154 1285 1213 humani
1336 1176 1635 1235 maynum
1693 1158 1942 1239 aliquid
1983 1164 2321 1241 proprium
2364 1169 2428 1219 et

268 1253 436 1333 quod
465 1273 657 1331 supra
694 1251 965 1311 homines
1007 1261 1183 1324 esset,
1229 1262 1588 1310 mereretur.

349 1345 491 1407 333.
546 1347 696 1427 Quoe
727 1351 786 1406 si
810 1350 984 1427 facta
1005 1357 1184 1419 sunt,
1221 1352 1281 1407 si
1312 1352 1532 1407 litteris
1560 1352 2083 1430 monumentisque
2110 1350 2414 1410 celebran-

273 1455 415 1514 tur;
450 1447 507 1504 si
539 1446 621 1504 ab
658 1467 793 1504 una
820 1449 1062 1527 reyione
1095 1455 1450 1517 terrarum,
1492 1449 1563 1503 in
1600 1468 1725 1525 qua
1761 1447 1884 1505 sola
1923 1469 2090 1506 unus
2128 1448 2436 1507 colebatur

270 1543 473 1620 Deus,
503 1552 560 1601 et
580 1542 696 1600 ubi
718 1544 898 1601 talem
942 1546 1121 1602 nasci
1142 1543 1482 1622 opertebat,
1523 1563 1643 1623 per
1671 1553 1858 1602 totum
1889 1544 2092 1602 orbem
2119 1554 2432 1602 terrarum

271 1642 452 1697 missi
472 1640 638 1703 electi
662 1643 790 1697 viri
821 1639 1159 1698 virtutibus
1189 1649 1368 1717 atque
1409 1640 1795 1698 sermonibus
1826 1641 2032 1698 divini
2067 1645 2299 1698 amoris
2327 1643 2432 1698 in-

271 1736 492 1795 cendia
520 1738 914 1794 concitarunt
935 1759 954 1802 ;
982 1741 1043 1794 si
1060 1736 1422 1813 confirmata
1448 1736 1864 1804 saluberrima
1892 1737 2224 1816 disciplina
2242 1779 2263 1808 ,
2290 1737 2438 1794 illu-

273 1836 547 1891 minatas
576 1843 772 1891 terras
791 1836 1053 1912 posteris
1074 1837 1458 1912 reliquerunt
1481 1842 1583 1898 ‚··et
1601 1875 1622 1904 ,
1650 1853 1722 1890 ne
1750 1833 1821 1891 cle
1837 1835 2171 1912 praeteritis
2193 1832 2432 1910 loquar,

274 1952 407 2011 quw
433 1940 628 2011 potest
658 1934 913 2010 quisque
937 1951 1061 1988 non
1086 1930 1321 1989 credere
1337 1973 1362 2002 ,
1404 1935 1464 1988 si
1482 1930 1654 1988 bodie
1683 1950 1804 2010 per
1831 1939 2033 2010 qentes
2056 1934 2441 2009 populosque

266 2028 661 2109 praedicatur
686 2053 703 2086 .·
729 2028 798 2087 In
822 2026 1117 2110 principio
1144 2037 1272 2086 erat
1294 2026 1545 2087 verbum
1563 2072 1683 2102 Υ...
1710 2038 1769 2086 et
1789 2027 1915 2086 sine
1940 2026 2069 2109 ipso
2096 2025 2320 2086 factum
2349 2034 2437 2085 est

277 2122 428 2183 nihil
438 2125 646 2198 ,etc.Si
656 2125 743 2182 ad
753 2125 858 2183 boc
862 2124 1336 2203 percipiendum
1343 2167 1366 2195 ,
1373 2124 1856 2202 perfruendum,
1869 2133 1938 2181 ut
1952 2127 2171 2182 anima
2186 2133 2442 2182 sanetur

278 2232 335 2280 et
347 2231 533 2280 tantoe
547 2221 1052 2279 luciliauriendoe
1076 2222 1296 2278 mentis
1320 2224 1478 2278 acies
1499 2220 1887 2294 convalescat,
1918 2219 2158 2278 dicitur
2177 2221 2388 2277 avaris
2413 2239 2435 2277 .-

279 2315 476 2378 Nolite
501 2315 668 2376 vobis
692 2316 946 2376 condere
975 2316 1280 2377 thesauros
1310 2316 1372 2375 in
1395 2326 1550 2374 terra
1572 2361 1588 2391 a
1613 2326 1719 2374 etc.
1739 2339 1758 2382 ,-
1789 2317 2026 2374 dicitur
2050 2316 2392 2373 luxuriosis
2418 2335 2439 2372 .·

283 2414 396 2488 Qui
423 2414 676 2474 seminat
698 2414 761 2472 in
787 2435 961 2473 carne
982 2460 998 2490 .‚
1027 2413 1102 2473 de
1127 2434 1302 2473 carne
1329 2424 1516 2472 metet
1548 2412 2020 2494 corruptionem3
2052 2411 2151 2493 qui
2185 2410 2440 2470 seminat

280 2511 342 2570 in
375 2511 620 2594 spiritu,
664 2510 739 2570 de
775 2511 987 2593 spiritu
1020 2521 1208 2570 metet
1243 2510 1430 2570 vitam
1468 2520 1791 2582 aeternam3
1831 2510 2069 2568 dicitur
2101 2509 2385 2588 superbis
2417 2530 2438 2568 .·

286 2608 398 2682 Qui
430 2630 491 2668 se
520 2606 742 2668 exaltat
761 2653 776 2683 7
807 2606 1218 2666 humiliabitur
1239 2653 1254 2682 .,
1282 2618 1342 2666 et
1367 2607 1467 2689 qui
1492 2627 1552 2665 se
1579 2606 1883 2681 humiliat,
1923 2604 2311 2679 exaltabitur3
2348 2605 2441 2662 di-

283 2709 451 2766 citur
466 2706 796 2764 iracundis
826 2727 844 2762 .·
873 2702 1162 2786 Accepisti
1189 2703 1421 2787 alapam
1439 2750 1454 2780 ‚
1488 2725 1628 2786 para
1654 2702 1902 2763 alteram
1927 2701 2261 2775 maxillamt,
2289 2701 2441 2759 dici-

283 2813 393 2861 tur
411 2803 796 2862 discordiosis
816 2826 834 2860 :
863 2799 1100 2882 Diligite
1124 2801 1391 2861 inimicos
1419 2811 1643 2861 vestros
1667 2825 1683 2874 ς
1711 2802 1952 2860 dicitur
1973 2799 2402 2879 superstitiosis
2420 2821 2439 2855 :

282 2900 553 2978 Regnum
577 2899 684 2957 Dei
716 2899 873 2957 intra
902 2920 1006 2960 vos
1034 2909 1124 2958 est
1149 2916 1167 2974 ς
1200 2899 1439 2958 dicitur
1464 2902 1725 2957 curiosis
1752 2923 1771 2958 .·
1804 2896 2002 2957 Nolite
2027 2914 2285 2977 quaerere
2314 2914 2442 2975 quae

285 2994 569 3056 videntur
589 3039 605 3069 ,
632 2995 737 3054 sed
765 3016 894 3076 quae
923 3017 1046 3054 non
1078 2995 1377 3056 videntur.
1417 2996 1557 3068 Quae
1586 2995 1747 3054 enim
1776 2992 2056 3054 videntur
2081 2990 2441 3073 temporalia

288 3102 429 3149 sunt
459 3136 474 3166 ,
510 3112 640 3173 quae
669 3104 869 3151 autem
897 3114 1018 3151 non
1058 3091 1373 3169 videntur,
1419 3104 1638 3151 aeterna
1673 3102 1833 3150 sunt.
1873 3092 2182 3149 Postremo
2212 3089 2447 3147 dicitur

292 3189 579 3247 omnibus
617 3214 635 3246 .·
677 3188 871 3247 Nolite
915 3189 1157 3270 diligere
1191 3188 1525 3264 mundum,
1562 3209 1754 3271 neque
1794 3209 1896 3262 ea,
1941 3209 2072 3269 quae
2117 3187 2179 3245 in
2217 3183 2444 3244 mundo

293 3296 470 3358 sunt3
510 3285 792 3366 quoniam
830 3308 1008 3346 omne
1032 3333 1048 3362 ,
1084 3286 1245 3369 quod
1265 3287 1327 3345 in
1357 3286 1584 3345 mundo
1608 3296 1728 3359 est„
1754 3283 2226 3366 eoncupiscentia
2255 3279 2445 3341 carnis

292 3392 420 3456 est,
461 3392 521 3441 et
553 3382 1029 3464 concupiscentia
1066 3383 1368 3443 oculorum
1406 3395 1467 3444 et
1497 3380 1742 3441 ambitio
1785 3380 1999 3441 saeculi.

371 3476 514 3536 334.
565 3478 639 3536 Si
668 3479 793 3536 hoec
819 3501 940 3558 per
968 3490 1155 3538 totum
1210 3482 1414 3540 orbem
1439 3484 1582 3559 jam
1611 3480 1862 3559 populis
1897 3481 2185 3559 lequntur
2215 3484 2271 3533 et
2305 3493 2446 3531 cum

290 3577 674 3635 veneratione
699 3576 1095 3635 libentissime
1122 3579 1512 3648 audiuntur,
1545 3579 1604 3634 si
1619 3585 1753 3657 post
1779 3585 2025 3634 tantum
2046 3575 2444 3653 sanquinem,

289 3681 485 3733 tantos
521 3676 727 3754 iones,
768 3683 851 3732 tot
884 3694 1092 3733 cruces
1130 3685 1488 3754 martyrum
1513 3716 1534 3743 ,
1584 3682 1749 3732 tanto
1785 3668 2060 3751 fertilius
2099 3679 2155 3728 et
2190 3669 2447 3727 uberius
