2554 4140
2051 146 2160 205 111

395 174 517 215 CAP.
568 177 649 214 IV.
699 177 766 212 DE
808 174 988 212 Exls'r.
1036 172 1150 212 mv.
1200 171 1271 209 Ac
1313 169 1615 208 SUPERNAT.
1664 168 1790 207 REV.

138 319 276 379 263.
330 318 416 378 Ad
450 319 562 394 lim,
596 320 751 377 Dist.
786 314 1079 375 Doctiores
1108 311 1324 370 ethnici
1348 310 1594 372 libidine
1622 332 1686 371 ac
1710 310 1851 369 luxu
1873 312 2132 393 corrupti
2150 356 2166 386 .‚

57 415 352 496 sapientiae
397 414 548 472 fama
596 411 845 482 tumidi,
892 409 1185 467 honorum
1225 404 1684 487 divitiarumque
1721 406 1949 488 cupidi,
2002 427 2169 466 aures

59 510 346 592 Apostolis
363 532 483 568 non
498 506 899 590 praebuerunt,
921 521 1138 562 novam
1152 499 1480 559 doctrinam
1497 510 1962 577 contemnentes7
1987 524 2171 570 conc.‚·

58 605 515 688 impugnarunt,
559 601 732 661 subd.
775 597 1136 670 doctrinam,
1175 613 1364 659 conc.,·
1400 593 1548 650 facta
1571 637 1588 661 ,
1626 614 1754 672 neq.
1803 597 2074 656 Ceterum
2102 617 2173 657 ex

61 701 306 760 ethnicis
341 700 536 781 plures
571 694 728 754 docti
764 692 1139 751 christianam
1173 688 1513 780 religionem
1539 688 1719 747 secuti
1751 700 1924 764 sunt,
1955 703 2020 750 ut
2049 694 2174 752 Ser-

61 797 184 876 gius
213 794 420 854 Paulus
447 793 612 871 (Act.
642 790 806 861 XIII,
854 787 1003 867 12),
1037 785 1341 865 Dionysius
1382 782 1721 864 Areopagita
1750 783 1917 863 (Act.
1951 787 2138 845 XVIII
2159 832 2175 862 ‚

64 891 195 972 34),
226 890 490 949 Clemens
515 905 814 957 romanus,
857 884 1136 954 Hermas7
1181 879 1457 959 Ignatius.,
1489 888 1600 936 etc.
1630 878 1782 936 Fasti
1819 877 2181 940 ecclesiastici

63 985 255 1046 saeculi
281 985 336 1043 II
360 982 601 1041 nomina
627 978 909 1039 exhibent
934 976 1193 1059 plurium
1213 1019 1229 1049 ,
1258 974 1357 1055 qui
1372 993 1581 1053 genere
1605 1018 1620 1048 ,
1643 972 1850 1055 opibus
1868 1019 1884 1048 ,
1919 973 2180 1033 doctrina

65 1081 398 1140 claruerunt
426 1077 536 1157 (1).

141 1173 284 1232 264.
332 1172 422 1232 Ad
447 1172 529 1230 511¹
549 1216 565 1240 ,
602 1172 760 1230 Dist.
788 1167 855 1226 Id
885 1177 974 1226 est
993 1211 1009 1240 a
1035 1164 1290 1224 haeretici
1317 1163 1658 1244 evangelicae
1686 1163 1940 1223 historiae
1964 1166 2184 1224 assensi

61 1293 183 1329 non
224 1280 396 1342 sunt„
436 1269 498 1325 in
535 1265 856 1347 quaestione
864 1267 1043 1340 juris
1058 1305 1081 1333 ,
1113 1281 1298 1333 conc.;
1333 1264 1494 1339 facti
1511 1304 1528 1334 ‚
1562 1281 1689 1340 neq.
1732 1262 1960 1342 Nempe
1992 1282 2057 1320 ea
2085 1282 2184 1320 ra·-

63 1367 221 1424 tione
251 1364 425 1444 primi
446 1361 700 1421 haeretici
721 1380 781 1417 se
801 1367 1100 1437 gesserunt
1118 1376 1183 1414 ac
1201 1378 1262 1415 se
1276 1364 1488 1435 gerunt
1500 1354 1754 1414 haeretici
1783 1367 2180 1436 protestantes
2267 1366 2270 1369 ’
2334 1438 2341 1449 ¹

67 1461 252 1521 aetatis
280 1470 515 1530 nostrae7
547 1455 870 1538 praesertim
892 1451 1090 1510 biblici
1114 1472 1179 1509 ac
1201 1450 1579 1510 rationalistae
1597 1496 1612 1524 ,
1640 1450 1740 1532 qui
1757 1452 1993 1533 propria
2017 1474 2185 1512 sensa

68 1554 328 1614 Ecclesiae
363 1551 692 1612 auctoritati
735 1548 1107 1630 praeferentes
1135 1547 1198 1605 in
1226 1546 1479 1605 absurda
1519 1548 1716 1606 omnia
1746 1545 1894 1629 lapsi
1919 1558 2057 1606 sunt
2077 1593 2092 1623 7
2121 1559 2189 1606 ut

70 1671 175 1708 suo
196 1649 321 1707 loco
346 1646 743 1729 expendemus
770 1645 884 1724 (2)

148 1744 291 1802 265.
340 1742 431 1802 Ad
474 1743 590 1817 611²,
625 1744 764 1820 Neq.
814 1737 905 1798 Ad
943 1739 1022 1795 lm
1062 1736 1234 1818 prob.
1262 1737 1667 1796 Etbnicorum
1699 1743 1812 1817 qui
1839 1741 2187 1812 calamum,

70 1851 177 1899 etc.
212 1842 381 1919 Resp.
425 1840 485 1895 1ο
513 1839 659 1894 Dato
691 1835 902 1909 etiam,
942 1832 1099 1914 quod
1129 1832 1445 1891 adversarii
1482 1845 1826 1914 supponunt
1849 1880 1864 1909 ,
1906 1854 2187 1914 negamus

73 1934 322 1993 alterum
364 1953 435 1991 ex
473 1930 656 1990 altero
696 1930 894 2010 sequi3
941 1949 1012 1986 ex
1053 1927 1262 2006 ignotis
1297 1928 1454 1986 enim
1495 1926 1720 1987 ducunt
1753 1943 2185 2009 argumentum.

74 2031 247 2110 Resp.
279 2028 347 2085 20
376 2026 594 2086 Juliani
625 2024 997 2107 Imperatoris
1027 2042 1202 2103 opera
1242 2022 1425 2081 ferme
1462 2023 1684 2103 integra
1713 2037 2028 2107 supersunt
2053 2024 2141 2106 (3)
2172 2051 2188 2100 ε,

74 2259 312 2309 denfliiker
333 2297 346 2319 ,
385 2258 620 2306 Eichhorn
639 2295 652 2316 ‚
681 2256 844 2324 Meyer
859 2293 873 2316 ‚
909 2255 1055 2303 Bauer
1074 2293 1088 2315 ‚

73 2341 233 2390 Kaisar
253 2379 266 2401 ‚
297 2349 387 2389 etc.
418 2341 520 2388 haec
549 2339 721 2388 habet:
751 2338 954 2386 Accedit
966 2338 1093 2403 quod

67 2425 246 2489 primoe
276 2422 526 2487 reliqionis
559 2421 839 2469 christianae
882 2422 1094 2484 oriqines

77 2507 135 2553 in
149 2523 204 2554 ea
219 2514 427 2570 tempora
457 2504 687 2552 incidunt
703 2538 720 2564 ‚
743 2505 801 2550 in
816 2502 992 2567 quibua
1006 2503 1092 2551 Ιιο-

76 2589 265 2636 minum
302 2588 463 2635 animi
493 2582 830 2650 δεισιδαιμονίᾳ
875 2593 920 2632 et
942 2584 1093 2631 mira-

80 2669 296 2717 culorum
340 2671 567 2735 opinione
601 2670 771 2717 imbuti
808 2676 987 2730 essent,
1027 2670 1097 2717 ita

78 2761 134 2800 ut
165 2761 359 2800 eventus
381 2754 656 2819 praesertim
682 2752 1061 2800 extraordinarii
1076 2746 1105 2811 ‚*

82 2832 162 2881 aed
196 2850 304 2882 cum
342 2843 533 2882 riaturoe
562 2832 744 2897 leqibus
764 2833 912 2897 facile
938 2835 1098 2882 conci-

86 2913 245 2963 liandi
261 2917 276 2979 (
290 2927 338 2964 ut
358 2918 454 2981 ipsc
471 2916 666 2964 fidenter
682 2925 890 2963 autumat
908 2918 925 2977 )
944 2952 957 2975 ‚
986 2932 1099 2963 cau-

88 3013 167 3044 sas
198 2997 368 3045 habere
396 3006 531 3045 extra
554 3014 715 3045 rerum
740 3005 967 3045 naturam
991 3012 1098 3045 con—

88 3082 278 3126 stitutas
290 3078 591 3126 immediatas
605 3081 1096 3139 comminiscerentur,

89 3175 339 3224 eorumque
364 3176 567 3207 errorem
597 3163 655 3208 in
673 3163 781 3226 ipsa
799 3177 959 3208 rerum
990 3177 1098 3208 riar-

88 3242 275 3289 ratione
300 3241 552 3306 proderent
580 3244 663 3306 (ut
694 3246 790 3307 ipsc
826 3242 1022 3290 affirmat
1054 3252 1099 3290 et

89 3338 187 3371 non
222 3322 492 3387 probat)....
523 3325 686 3372 varias
712 3334 871 3373 autem
902 3325 958 3372 de
981 3324 1097 3372 Jesu

86 3406 390 3453 narrationes
413 3404 769 3472 mythicasjam
794 3407 907 3454 inde
937 3422 967 3453 a
996 3423 1098 3454 me·

86 3485 167 3534 dio
186 3503 292 3535 soec.
321 3504 337 3534 1
363 3486 670 3535 circumlatas
682 3488 836 3552 fuisse
855 3525 867 3547 ‚
899 3503 1098 3552 eoanqe-

87 3565 261 3615 tiorum
282 3568 658 3634 apocryphorum
686 3572 819 3635 (quae
840 3581 996 3619 tamen
1017 3570 1097 3619 Ec·

91 3648 223 3698 clesia
250 3662 510 3701 constanter
536 3653 732 3718 rejecit)
756 3662 1095 3718 arqumentam

1179 2256 1297 2304 satis
1342 2255 1565 2306 declarat.
1616 2257 1772 2308 Posset
1814 2269 1967 2309 tamen
2010 2272 2053 2309 et
2107 2262 2197 2311 hoc

1180 2341 1341 2406 negari
1363 2359 1374 2397 3
1403 2338 1532 2388 aliud
1560 2343 1684 2389 enim
1703 2353 1769 2390 est
1785 2378 1799 2402 ‚
1826 2343 2053 2391 nonnulla
2071 2345 2191 2392 facta

1179 2439 1274 2470 esse
1304 2423 1416 2471 falsa
1454 2433 1498 2472 et
1529 2425 1759 2483 conficta,
1792 2425 1920 2473 aliud
1959 2443 2056 2475 esse
2091 2445 2194 2493 my-

1180 2505 1301 2553 thica
1345 2507 1396 2553 in
1440 2523 1577 2554 sensu
1618 2507 1999 2556 adversariorum.
2045 2508 2188 2559 ConS.

1184 2586 1343 2635 Codea·
1370 2588 1670 2654 apocryphus
1705 2589 1772 2638 N.
1812 2588 1878 2638 T.
1908 2590 2157 2640 Fabricii.

1251 2670 1311 2733 (l)
1350 2668 1488 2719 Cons.
1508 2670 1560 2719 S.
1598 2670 1788 2720 Hieron.
1820 2669 1891 2719 De
1920 2673 2039 2719 ciris
2055 2671 2195 2720 illus-

1182 2751 1352 2812 tribus,
1378 2769 1456 2799 seu
1479 2750 1551 2800 De
1581 2752 1892 2818 scriptoribus
1917 2752 2194 2818 ecclesiast„

1183 2836 1233 2881 in
1264 2833 1438 2897 praefat.
1873 2849 1875 2851 ·

1253 2942 1319 3005 (2)
1358 2942 1465 2990 Haec
1505 2943 1563 2991 ad
1602 2960 1699 2991 rem
1734 2952 1941 2991 nostram
1982 2944 2199 3010 praeclare

1185 3024 1344 3075 scribit
1360 3024 1560 3073 Tertull.
1578 3025 1664 3073 lib.
1683 3024 1761 3072 De
1766 3041 1969 3090 proescr.
1986 3043 2085 3091 cap.
2107 3026 2194 3090 37.-

1195 3107 1249 3157 U
1245 3107 1338 3155 nde
1371 3114 1527 3155 autem
1539 3107 1759 3154 eoetranei
1774 3115 1817 3154 et
1831 3107 2027 3154 inimici
2038 3107 2197 3172 Apos-

1182 3189 1291 3237 tolie
1320 3188 1559 3247 haeretici,
1587 3189 1692 3235 nisi
1716 3204 1774 3236 ea·
1795 3188 2066 3236 diversitate
2083 3189 2195 3237 doc-

1183 3274 1326 3319 trinoe
1346 3309 1358 3331 ‚
1389 3288 1533 3335 quam
1554 3271 1884 3335 unusquisque
1921 3271 1978 3319 de
2006 3288 2092 3320 suo
2125 3287 2198 3318 ara

1182 3353 1329 3401 bitrio
1359 3352 1585 3401 adversus
1609 3351 1857 3418 Apostolos
1873 3361 1961 3402 aut
1979 3351 2196 3419 protulit

1188 3443 1275 3482 aut
1292 3435 1465 3499 recipit
1483 3439 1507 3482 ,⁷

1250 3543 1314 3608 (3)
1351 3544 1483 3592 Edita
1515 3544 1737 3594 aPetavio
1758 3580 1772 3608 ,
1800 3562 1923 3594 anno
1954 3542 2077 3591 1613
2098 3579 2112 3602 ‚
2145 3560 2199 3591 ac

1183 3643 1366 3675 rursum
1390 3625 1450 3675 ab
1468 3627 1548 3675 Ez.
1565 3625 1845 3692 Spanhemio
1861 3662 1875 3687 ,
1893 3626 2017 3691 Lips.
2043 3621 2194 3691 1696,
