2554 4140
267 114 382 173 124
918 134 987 171 DE
1030 131 1178 172 VERA
1222 133 1344 172 nm..
1394 132 1528 176 Anv.
1577 138 1731 177 mou.

262 279 492 338 infinite
544 277 619 335 de
668 274 1041 336 inimicorum
1096 299 1335 338 suorum
1392 279 1836 362 propulsatione
1879 293 1939 343 et
1980 283 2390 346 institutorum

264 395 502 433 suorum
538 370 690 430 felici
722 393 1028 453 progressu
1059 374 1279 452 (Joan.
1324 375 1431 434 XII
1452 421 1467 451 .‚
1508 376 1634 456 23)
1668 423 1684 452 ,
1732 377 1826 438 vel
1865 378 2044 438 etiam
2081 380 2154 440 de
2194 383 2393 442 amicis

264 471 456 550 ipsum
485 467 627 525 olim
649 468 923 529 revisuris
954 469 1167 547 (Joan.
1195 472 1321 530 XIV
1344 517 1359 545 7
1395 471 1617 546 19-213
1661 474 1790 532 XVI
1810 519 1826 548 .,
1874 474 2094 555 16-22)
2128 475 2355 536 dixerat
2376 522 2394 552 7

258 575 460 646 postea
497 585 569 622 ex
600 576 817 626 eventu
857 563 931 624 ab
966 570 1087 644 ejus
1125 566 1420 648 discipulis
1460 569 1717 649 pressius
1749 581 1985 651 accepta
2021 582 2082 630 et
2113 570 2397 653 explicata

260 659 434 718 fuisse
455 704 471 734 ‚
507 660 587 718 ita
622 671 690 718 ut
719 668 1051 722 narratores
1085 661 1299 722 harum
1326 685 1527 723 rerum
1558 686 1625 724 ea
1646 711 1662 740 .,
1703 686 1831 746 quae
1857 667 2038 725 serius
2070 667 2401 726 intellexis-

260 767 424 829 sent,
468 776 602 814 curn
634 756 734 831 iis,
773 778 900 839 quae
931 770 1102 817 antea
1136 759 1479 819 accidissent
1506 807 1522 836 ,
1567 761 1884 820 miscerent
1924 773 2103 844 atque
2146 763 2401 822 confun-

263 851 489 911 derent.
525 852 591 910 90
621 853 768 912 Fieri
800 853 978 912 etiam
1002 853 1195 935 potuit
1214 898 1229 928 ,
1268 866 1336 912 ut
1359 857 1528 915 Jesus
1558 857 1682 939 ipse
1717 862 1886 915 tertio
1918 859 2019 916 die
2041 879 2100 917 se
2124 858 2187 917 in
2216 858 2404 919 vitam

261 948 589 1007 rediturum
619 948 729 1007 hoc
760 970 935 1007 sensu
971 948 1221 1023 dixerit,
1259 971 1375 1031 quo
1407 951 1567 1031 apud
1599 951 1953 1033 prophetam
1987 952 2198 1031 (Oseae
2224 955 2297 1012 VI
2319 999 2335 1028 .,
2363 953 2406 1011 2

263 1055 324 1104 et
355 1044 429 1118 3)
449 1090 465 1119 ,
499 1044 651 1103 salus
675 1045 944 1125 proxime
976 1046 1273 1104 exoritura
1299 1046 1505 1103 tridui
1533 1046 1818 1106 vocabulo
1850 1048 2188 1129 designatur
2209 1094 2224 1123 a
2261 1069 2408 1131 prae-

264 1141 468 1200 sertim
509 1162 694 1222 quum
729 1139 947 1199 similes
984 1139 1217 1199 dicendi
1263 1138 1529 1199 formulae
1566 1141 1622 1200 ei
1662 1141 1820 1202 haud
1855 1132 2144 1203 inusitatae
2190 1144 2409 1203 fuerint

264 1237 479 1318 (Conf.
530 1238 665 1294 Luc.
715 1237 892 1311 xm,
940 1235 1064 1311 323
1111 1238 1281 1296 Joan.
1330 1237 1415 1314 Il,
1466 1237 1584 1311 193
1632 1238 1810 1296 Marc.
1857 1239 2022 1312 xlv,
2069 1239 2205 1320 58).
2237 1239 2411 1313 Quod

270 1333 484 1392 Christi
522 1331 764 1393 effatum
792 1335 1050 1392 Joannes
1088 1344 1291 1414 aperte
1321 1354 1392 1392 ex
1427 1344 1648 1393 eventu
1679 1333 2102 1415 interpretatus
2136 1345 2226 1393 est
2256 1335 2278 1411 (
2303 1336 2404 1396 Ev.

270 1430 358 1504 ΙΙ,
412 1428 555 1509 22).
596 1428 861 1488 Addatur
905 1429 1018 1488 Cic.
1066 1429 1299 1511 (Epist.
1339 1429 1416 1488 ad
1453 1430 1524 1502 Q.
1568 1430 1662 1488 Fr.
1715 1432 1775 1503 Ι,
1818 1428 1901 1508 4)
1943 1452 1956 1487 :
1999 1430 2167 1510 Soepe
2203 1431 2407 1490 triduo

267 1546 511 1584 summa
545 1547 686 1585 oum
711 1529 911 1606 yloria
948 1526 1199 1584 dicebar
1227 1547 1344 1584 esse
1366 1526 1679 1584 rediturus
1703 1524 1953 1605 (1).100
1977 1527 2100 1599 Qua
2125 1526 2420 1586 sententia

269 1620 516 1703 probata
558 1644 682 1681 non
718 1621 1115 1703 impedimur,
1157 1621 1470 1704 quominus
1520 1620 1616 1682 vel
1646 1622 1708 1679 in
1743 1621 2059 1702 allegoricis
2097 1622 2221 1680 istis
2270 1624 2413 1681 Jesu

269 1717 438 1777 dictis
466 1729 685 1779 eventu
720 1717 1115 1800 comprobatis
1140 1763 1156 1792 ,
1191 1716 1695 1800 quemadmodum
1722 1718 1786 1776 in
1814 1717 2059 1797 singulis
2099 1719 2167 1777 V.
2203 1719 2271 1777 T.
2319 1718 2416 1776 in·-

269 1814 487 1873 stitutis
511 1824 689 1895 atque
711 1814 957 1873 oraculis
989 1813 1177 1875 veluti
1753 1812 1818 1872 id
1838 1825 1927 1873 est
1944 1858 1961 1888 ,
1995 1814 2222 1872 umbra
2242 1817 2418 1893 futu-

269 1931 486 1970 rorum
522 1909 691 1989 (Col.
741 1911 794 1970 II
815 1956 832 1986 .,
884 1910 1000 1990 17)
1032 1910 1301 1972 divinam
1332 1909 1771 1993 providentiam
1809 1910 1907 1992 pia
1945 1920 2146 1969 mente
2184 1929 2418 1989 cognos÷

272 2028 470 2066 camus
522 2007 650 2089 (2);
716 2008 820 2066 110
863 2007 1114 2090 ideoque
1166 2007 1570 2067 narrationem
1618 2008 1761 2066 Jesu
1811 2004 1888 2066 ad
1929 2007 2115 2068 vitam
2164 2004 2421 2066 revocati

271 2102 593 2162 habeamus
628 2114 694 2162 ut
725 2102 1003 2184 mythum
1042 2103 1340 2185 poeticum
1377 2103 1473 2164 vel
1512 2102 1590 2161 ad
1624 2123 1923 2160 summum
1961 2100 2421 2183 historico—poe-

273 2198 456 2257 ticum
489 2198 578 2279 (3)
597 2224 616 2276 3
652 2220 808 2279 ergo,

360 2293 501 2353 311.
551 2297 726 2377 Resp.
765 2294 840 2353 ad
871 2295 976 2368 11¹¹,
1014 2295 1168 2376 Ncy.
1205 2295 1281 2355 Hi
1307 2294 1470 2354 enim
1494 2293 1604 2375 ipsi
1633 2292 2004 2373 evangelistae
2028 2292 2089 2351 in
2119 2291 2258 2351 locis
2281 2313 2422 2374 pro-

278 2393 484 2475 positis
519 2404 989 2453 commemorant
1024 2392 1326 2452 Christum
1370 2390 1469 2453 vel
1505 2389 1698 2450 subito
1735 2390 2040 2451 evanuisse
2089 2388 2263 2468 (Luc.
2295 2408 2418 2470 cap.

346 2585 413 2650 (l)
450 2586 527 2636 Sic
558 2585 616 2639 G.
659 2586 831 2636 Paulus
849 2624 863 2647 ‚
914 2585 1203 2635 Comment..
1226 2600 1263 2633 11
1287 2622 1301 2646 ‚
1389 2585 1446 2634 Β.
1469 2601 1523 2647 11,
1542 2583 1605 2634 H.
1627 2582 1673 2634 5.
1693 2602 1774 2633 seu
1789 2583 2061 2632 Novissimi
2073 2579 2274 2630 annales
2289 2583 2424 2630 circa

280 2666 379 2733 564
397 2679 441 2719 et
456 2688 587 2736 seqq.
605 2671 729 2735 apud
742 2669 963 2735 VVegsch.
976 2687 1025 2734 p.
1048 2686 1072 2717 1.
1088 2705 1103 2730 ,
1125 2686 1230 2734 cap.
1252 2684 1301 2729 2,
1389 2685 1465 2715 res
1480 2667 1619 2732 reliq.
1635 2665 1799 2716 eccles.
1818 2675 1861 2714 et
1874 2664 2019 2714 schol.
2040 2664 2153 2714 Vol.
2171 2682 2205 2713 n
2228 2702 2241 2725 ‚
2262 2664 2343 2713 sol.
2366 2662 2420 2724 5,

279 2750 307 2818 §
335 2750 398 2802 50
417 2790 431 2814 ‚
458 2752 515 2801 N.
550 2769 617 2815 n;
652 2752 723 2801 De
746 2752 903 2802 Wette
923 2790 936 2813 ‚
973 2750 1103 2802 Bibl.
1136 2749 1303 2816 Doqm.
1391 2768 1496 2815 pag.
1522 2747 1622 2816 349
1648 2759 1693 2798 et
1722 2766 1855 2815 seqq.
1895 2745 2043 2812 1827.

282 2850 334 2883 2.
359 2834 416 2883 Δ.
456 2852 548 2902 ¹99
568 2835 949 2898 3Bretschncider
967 2873 980 2895 ‚
1009 2833 1307 2882 Handbuch.
1466 2833 1528 2899 (3)
1545 2833 1743 2894 Scmler,
1762 2833 2143 2895 Beantwortunq
2168 2829 2254 2878 der
2269 2830 2427 2894 Fraq-

282 2916 332 2966 d.
365 2917 523 2982 eloym.
568 2934 649 2966 seu
700 2915 941 2966 Manuale
972 2917 1128 2982 doqm.
1156 2913 1308 2964 Theo!
1395 2926 1550 2966 inante
1581 2918 1715 2965 eines
1763 2915 2125 2981 Unqenannten
2146 2951 2159 2973 ‚
2198 2930 2235 2960 11
2270 2914 2323 2961 A.
2347 2930 2426 2960 seu

291 3016 310 3048 1
330 3037 344 3059 ‚
389 2998 483 3066 174
506 3010 550 3048 et
589 3018 722 3066 seqq.
753 3002 878 3066 apud
918 3002 1156 3050 eumdem.
1186 3000 1310 3066 Quid
1399 3002 1634 3068 Respons.
1671 3000 1736 3048 ad
1761 2999 1967 3063 Fraym.
1996 2997 2231 3062 anonymi
2254 2997 2421 3061 cujus-

285 3085 516 3131 intactum
539 3083 728 3148 reliquit
743 3084 1039 3149 principium
1056 3084 1311 3133 dissolvens
1408 3085 1543 3133 dam.
1567 3084 1693 3132 Edit.
1729 3092 1778 3130 2⁸
1806 3098 1821 3128 1
1836 3079 1932 3147 780
1952 3098 1965 3143 3
1988 3079 2230 3128 Eberhard
2255 3117 2267 3138 ‚
2291 3078 2431 3125 Geist

288 3166 645 3230 protestantismi
672 3167 696 3211 ?
1399 3167 1479 3215 des
1531 3165 1586 3216 U
1585 3164 1985 3214 rchristentlzums
2011 3200 2023 3221 ‚
2069 3180 2150 3211 seu
2209 3159 2430 3227 Spiritus

351 3247 428 3309 (2)
467 3246 746 3296 Emmanuel
764 3247 948 3309 Kiister,
972 3246 1311 3296 Charrateris-
1394 3251 1641 3317 primitivi
1659 3246 2045 3305 christianismi,
2080 3260 2149 3292 111.
2172 3244 2236 3292 H.
2264 3240 2389 3290 1808
2413 3279 2425 3302 ‚

290 3326 1319 3390 tikdcsNeu-testament,Wunder-Erza'h-
1404 3351 1508 3399 pag.
1550 3348 1661 3380 122.
1694 3330 1907 3395 Mylhum
1944 3330 2163 3375 historico
2183 3327 2429 3391 ⁴politicum

292 3412 502 3478 l“'¹9⁶⁷⁸›
549 3430 628 3461 ⁸0¹¹
665 3410 931 3460 Character
973 3416 1316 3462 narrationum
1401 3434 1426 3464 e
1451 3415 1592 3464 rebus
1611 3417 1661 3462 in
1689 3414 1808 3461 facto
1826 3413 1985 3477 positis
2006 3448 2017 3469 ‚
2046 3426 2149 3475 quae
2179 3426 2260 3474 pro
2290 3405 2428 3455 visio-

293 3493 574 3544 miraculor.
615 3493 683 3543 N.
726 3494 807 3556 T.,
850 3494 977 3560 Lips.
1015 3493 1134 3544 1821
1168 3535 1180 3555 ‚
1205 3514 1315 3563 pag.
1402 3497 1542 3545 nibus
1565 3506 1610 3544 et
1641 3494 2000 3543 revelationibus
2026 3491 2198 3540 habitae
2222 3490 2430 3549 fuerint,

298 3575 396 3641 304.
418 3577 731 3639 3Schuderoff
747 3612 764 3636 ,
798 3576 1000 3624 Neueste
1022 3577 1192 3626 Jahrb.
1234 3578 1322 3643 fur
1404 3579 1640 3634 effectum,
1665 3577 1847 3642 praefert
1866 3577 2051 3636 Kaiser,
2088 3571 2217 3621 Bibl.
2264 3570 2433 3619 leeol.

300 3658 798 3724 Rele'qions-Kirchen
847 3659 951 3706 und
980 3656 1282 3709 Schulwesen
1302 3696 1316 3721 ,
1407 3680 1453 3722 1,
1487 3658 1585 3709 258
1606 3670 1651 3709 et
1681 3677 1813 3725 seqq.

278 3850 303 3877 N
