2554 4140
322 80 439 141 174

990 98 1059 134 DE
1101 96 1252 138 VERA
1295 95 1412 134 REI„
1461 96 1594 135 Anv.
1643 95 1792 135 men.

319 265 461 304 nem
500 262 741 300 omnem
773 260 838 298 ao
878 238 1337 321 dependentiam
1382 236 1456 297 ab
1494 260 1596 314 ea,
1633 260 1764 326 quae
1800 240 1961 299 omni
2006 241 2265 303 humano
2301 265 2452 328 saepe

319 351 409 400 est
440 337 719 396 destituta
749 334 1017 417 praesidio
1048 336 1163 415 (l).

405 433 548 492 397.
587 435 870 492 Attamen
910 433 1008 492 vix
1040 432 1414 512 paganismus
1443 430 1538 491 vel
1563 442 1731 490 sectae
1759 431 2016 491 externis
2045 434 2324 514 praesidiis
2356 459 2455 497 ca·

321 540 601 604 ruerunt,
638 528 730 589 vel
755 528 946 590 levem
977 527 1232 610 aliquam
1262 527 1678 587 adversitatem
1703 546 1887 608 passae
1917 540 2059 586 sunt
2083 574 2099 603 ,
2135 551 2270 589 cum
2291 533 2457 593 citius

322 626 416 687 vel
453 627 635 686 serius
672 636 1042 687 evanuerunt
1064 669 1080 699 7
1130 646 1238 684 nec
1274 624 1385 682 nisi
1428 625 1668 682 nomina
1710 645 1813 682 sua
1845 624 1906 682 in
1943 613 2147 685 infami
2198 626 2461 689 Ecclesiae

321 722 581 782 hostium
634 721 766 781 albo
807 721 1209 803 reliquerunt3
1260 720 1386 779 aliae
1433 719 1608 778 nullis
1649 720 1827 779 etiam
1870 722 2093 800 Regum
2141 722 2449 783 conatibus

325 819 630 901 potuerint
678 817 1026 889 sustentari,
1069 815 1196 874 alioe
1229 816 1293 873 in
1333 827 1422 874 tot
1459 827 1598 875 sunt
1642 816 1890 875 frustula
1943 817 2144 879 divisae
2191 840 2257 878 ac
2296 825 2379 879 ita
2423 840 2459 880 a

322 916 658 996 primordiis
702 915 818 973 suis
858 913 1136 986 diversae,
1178 922 1246 969 ut
1281 910 1464 969 vitam
1509 934 1610 971 seu
1652 913 2025 972 existentiam
2066 914 2166 973 vix
2201 913 2460 997 aliquam

322 1011 618 1085 habeant,
666 1011 714 1069 si
749 1009 1074 1088 excipiatur
1104 1005 1340 1088 politica
1380 1017 1440 1064 et
1482 1017 1757 1084 externa,
1792 1030 1927 1090 quae
1966 1008 2090 1068 solo
2133 1010 2266 1069 odio
2298 1032 2459 1070 com-

323 1108 491 1167 muni
518 1152 534 1181 ,
563 1128 739 1187 supra
764 1106 786 1183 (
807 1101 1122 1180 393-395)
1164 1101 1427 1183 exposito
1445 1147 1460 1175 7
1500 1100 1678 1160 alitur
1714 1125 1782 1163 ac
1809 1115 2207 1181 sustentatur,
2246 1106 2460 1167 sterilis

324 1202 567 1263 omnino
592 1222 658 1260 ac
686 1197 1048 1260 infoecunda.
1624 1272 1627 1275 ι
2042 1266 2045 1269 ,

406 1298 545 1358 398.
596 1296 844 1356 Ecclesia
883 1316 1022 1355 vero
1051 1293 1331 1353 catholica
1354 1338 1369 1367 ,
1407 1292 1543 1353 licet
1584 1293 1888 1354 internum
1927 1307 2107 1378 atque
2147 1308 2461 1358 externum

325 1412 679 1478 permanens
719 1391 944 1451 bellum
993 1391 1280 1449 sustinere
1339 1388 1612 1450 debuerit
1658 1412 1723 1450 ac
1758 1390 2000 1468 debeat,
2050 1391 2186 1453 licet
2230 1395 2464 1476 experi-

326 1491 540 1550 mentis
567 1488 841 1548 omnibus
870 1486 1082 1567 gladii,
1124 1485 1430 1545 calumniae
1451 1532 1466 1561 7
1505 1485 1830 1562 barbariei,
1866 1488 2150 1564 scientiae,
2180 1490 2422 1571 picturae
2442 1536 2460 1567 ,

325 1586 672 1668 sculpturae,
703 1582 1103 1666 typographiae
1124 1627 1140 1656 ,
1178 1582 1746 1643 confoederationum
1777 1583 1952 1643 fuerit
1990 1584 2248 1663 subjecta
2270 1630 2285 1660 .,
2328 1585 2464 1646 licet

325 1705 432 1766 per
484 1680 913 1743 vicissitudines
968 1678 1311 1766 saeculorum
1362 1678 1539 1738 modo
1596 1701 1904 1761 prosperas
1956 1680 2133 1739 modo
2188 1681 2461 1742 adversas

324 1778 574 1837 transire
611 1775 912 1851 debuerit,
948 1775 1207 1857 quotidie
1241 1776 1428 1835 cernit
1455 1797 1527 1834 ex
1558 1776 1805 1835 inimicis
1841 1779 1957 1835 suis
1985 1776 2192 1836 cadere
2224 1796 2255 1835 a
2281 1776 2464 1838 latere

323 1897 429 1934 suo
459 1874 618 1935 mille
647 1885 706 1933 et
735 1873 938 1933 decem
975 1871 1156 1932 millia
1201 1893 1233 1931 a
1277 1871 1498 1932 dextris
1535 1873 1652 1930 suis
1674 1916 1689 1947 ‚
1731 1881 1790 1931 et
1824 1874 1994 1934 novis
2024 1871 2459 1953 insurgentibus

326 1981 551 2033 veteres
593 1971 839 2031 deficere
861 2016 877 2045 ,
915 1990 1147 2052 semper
1182 1967 1293 2028 sibi
1327 1980 1635 2047 constans,
1676 1990 1910 2051 semper
1948 1970 2157 2031 victrix
2179 2014 2195 2044 ,
2242 1991 2312 2030 ex
2357 1991 2460 2029 sua

327 2069 545 2129 virtute
581 2068 744 2127 fortis
767 2110 784 2142 ,
828 2085 1060 2148 semper
1091 2086 1207 2124 una
1227 2109 1244 2140 .,
1282 2087 1515 2147 semper
1550 2064 1827 2126 foecunda
1855 2087 1921 2125 ac
1948 2070 2254 2144 majestate
2282 2063 2461 2147 plena

394 2290 459 2352 (1)
496 2286 615 2336 Satis
665 2288 724 2336 sit
776 2288 855 2337 hic
889 2287 1163 2352 speciminis
1206 2286 1347 2352 gratia

322 2388 687 2423 commemorare
714 2408 729 2434 ,
788 2360 1089 2421 febronianos
1139 2387 1301 2420 omnes
1331 2408 1344 2430 ‚

322 2474 520 2522 eosque,
574 2455 657 2523 qui
703 2471 973 2520 congressus
994 2492 1008 2514 ,
1059 2472 1140 2502 seu
1192 2457 1346 2519 potius

322 2541 658 2606 conjurationis
676 2539 812 2604 vulgo
829 2535 1029 2585 D’Ems
1045 2547 1345 2601 nuncupatae,

323 2621 491 2686 placita
530 2631 793 2680 sectantur,
836 2630 974 2686 atque
1006 2621 1263 2668 etiamnum
1297 2622 1347 2669 in

322 2706 504 2770 praxim
558 2701 791 2753 deducere
838 2713 1050 2767 satagunt
1085 2741 1093 2753 .,
1137 2702 1346 2769 aliosque

322 2789 531 2855 ejusdem
555 2784 745 2836 furfuris
766 2786 995 2835 homines.
1017 2785 1224 2850 Dignum
1246 2786 1346 2852 pla-

321 2882 382 2919 ne
405 2878 471 2918 est
497 2868 625 2936 quod
655 2870 830 2936 legatur
856 2881 972 2935 opus
1004 2866 1238 2917 Memorie
1257 2875 1349 2919 sto-

279 2944 284 2947 ’
322 2951 454 3000 riche
468 2952 524 3000 di
542 2954 833 3017 Momiynor
848 2952 1151 3000 Barcolomeo
1164 2948 1345 3015 Pacca,

320 3051 405 3083 ora
424 3033 685 3082 Cardinals
702 3035 756 3082 di
766 3044 905 3082 santa
921 3035 1100 3091 chiesa,
1122 3033 1201 3082 sul
1210 3034 1264 3082 di
1277 3034 1353 3083 lui

318 3118 569 3181 soqqiorno
579 3118 633 3163 in
651 3116 922 3166 Germania
935 3116 1203 3164 d'all’awno
1224 3134 1239 3164 1
1254 3115 1352 3183 786

320 3198 365 3248 al
396 3197 706 3265 1794‚Roma
742 3197 900 3260 1832,
934 3202 983 3247 in
1011 3217 1106 3265 quo
1138 3200 1351 3247 veridicae

320 3281 620 3349 quamplures
647 3284 819 3330 notitiae
849 3292 1076 3348 congestae
1106 3282 1351 3330 hahentur.

320 3365 376 3414 Et
389 3375 545 3414 tamen
559 3367 639 3430 qui
651 3365 748 3413 baec
762 3376 976 3430 praestant
992 3365 1219 3414 Catholici
1229 3375 1353 3415 sunt.

320 3447 444 3515 Quid
462 3451 542 3499 siet
561 3467 585 3497 a
605 3448 976 3498 Protestantibus
1005 3453 1014 3498 !
1037 3450 1354 3516 perpendatur

317 3534 523 3581 edictum
555 3531 710 3597 Magni
743 3530 875 3579 ducis
916 3530 1090 3580 Hassiae
1125 3533 1267 3581 relate
1294 3532 1353 3580 ad

317 3614 827 3679 exercitium-religionis
840 3614 1075 3663 catholicae
1088 3616 1135 3662 iu
1149 3616 1242 3663 suis
1258 3631 1359 3680 pro.

1433 2287 1598 2335 vinciis
1629 2285 1809 2335 editum
1835 2286 1899 2335 30
1929 2285 2138 2333 ,Ianuarii
2160 2301 2283 2333 anno
2307 2282 2456 2346 1830,

1432 2367 1715 2429 Darmstad,
1761 2385 1859 2417 nec·
1891 2386 1987 2417 nou
2032 2368 2170 2416 Ducii
2202 2368 2456 2427 Badensis‚

1432 2461 1522 2502 etc.
1559 2451 1609 2500 Si
1638 2469 1789 2500 sermo
1813 2454 1870 2500 sit
1901 2453 1959 2500 de
1982 2451 2331 2501 Genevensibus
2348 2489 2362 2512 ‚
2387 2451 2456 2500 le·

1431 2546 1561 2601 gatur
1601 2535 1834 2584 Dominus
1883 2535 2077 2585 Nar-hon
2097 2573 2109 2595 ‚
2155 2539 2237 2602 qui
2280 2538 2330 2584 in
2376 2553 2460 2584 sua

1433 2619 1593 2667 Lettre
1606 2636 1693 2667 sur
1708 2617 1755 2666 la
1768 2617 2003 2667 tolerance
2019 2618 2075 2666 de
2092 2617 2282 2667 Gemens
2294 2655 2309 2676 ,
2329 2617 2459 2684 Lyon

1432 2713 1477 2751 et
1506 2701 1633 2750 Paris
1662 2699 1785 2751 1823
1809 2739 1822 2761 ‚
1854 2719 1934 2766 per
1965 2701 2354 2750 documentorum
2384 2718 2459 2750 se-

1433 2789 1550 2835 riem
1580 2786 1640 2833 ab
1669 2804 1792 2833 anno
1831 2783 1957 2834 1553
2001 2801 2149 2850 usque
2194 2783 2254 2831 ad
2277 2800 2458 2831 annum

1443 2867 1567 2917 1823
1601 2869 1806 2917 ostendit
1831 2904 1846 2926 ‚
1872 2870 1994 2932 ipsos
2031 2881 2274 2932 nunquam
2313 2865 2456 2915 desti-

1436 2957 1540 3002 tisse
1567 2971 1592 3002 a
1622 2962 1864 3018 systemate
1895 2953 2223 3016 persecutionis
2238 2951 2457 3000 adversus

1436 3036 1698 3085 Catholicos
1717 3053 1731 3098 3
1753 3035 1886 3083 facile
1908 3047 2024 3083 esset
2046 3034 2169 3103 hanc
2198 3036 2457 3084 documen-

1440 3129 1593 3167 torum
1615 3122 1778 3167 seriem
1800 3118 2063 3182 protrahere
2081 3135 2229 3183 usque
2250 3117 2310 3165 ad
2327 3118 2456 3166 hunc

1439 3218 1647 3259 annum,
1690 3206 1742 3249 ut
1763 3209 1950 3264 pateat,
1985 3200 2219 3266 quomodo
2248 3201 2334 3263 ipsi
2366 3199 2453 3247 sibi

1439 3284 1718 3342 cohaereant,
1742 3297 1796 3330 ac
1810 3284 2045 3348 quomodo
2063 3282 2204 3331 verba
2222 3299 2329 3330 cum
2345 3297 2453 3345 ope-

1438 3366 1567 3414 ribus
1598 3367 1904 3413 consentiant.
1930 3364 2114 3430 Bergier
2140 3373 2352 3431 provocat
2378 3379 2452 3411 re-

1439 3449 1681 3510 formatos,
1714 3457 1764 3494 ut
1783 3447 1853 3496 vel
1869 3465 2016 3495 unum
2043 3448 2198 3496 locum
2223 3446 2450 3508 indicent,

1436 3544 1578 3597 quem
1625 3530 1909 3597 quandoque
1952 3529 2267 3587 obtinuerint,
2314 3538 2358 3576 et
2399 3529 2450 3575 in

1440 3627 1535 3678 quo
1562 3611 1825 3661 Catholicos
1856 3613 2078 3677 persecuti
2103 3622 2198 3660 non
2232 3611 2344 3658 sint.
