2554 4140
943 129 1011 164 ΒΕ
1053 128 1201 169 VERA
1246 129 1369 167 REI..
1421 132 1555 168 ADV.
1610 131 1764 170 INGR-

275 109 352 169 56

281 274 438 335 dinis
462 272 746 335 naturalis
773 282 914 331 sunt
932 320 949 351 ‚
987 294 1181 340 eono.;
1211 295 1333 333 non
1364 286 1562 357 potest
1587 273 1917 357 intelligere
1944 289 2147 341 utrum
2180 294 2431 345 eventus

274 372 516 455 quidam
538 366 784 429 excedat
805 381 1157 430 consuetum
1185 370 1581 431 Providentiae
1604 371 1877 433 ordinem
1899 419 1915 449 ,
1943 395 2010 434 ac
2035 378 2433 458 proinde'non

274 478 473 552 potest
506 464 773 545 judicare
812 466 888 526 de
930 488 1069 529 vero
1106 466 1428 543 miraeum,
1477 491 1607 550 neq.
1656 468 1827 543 Quod
1863 490 2006 532 vero
2045 472 2317 535 subditur
2362 476 2438 536 de

277 587 434 626 nexu
453 585 762 624 causarum
789 576 849 625 et
875 565 1193 632 effectuum
1224 567 1590 649 experientia
1627 588 1925 628 sensuum·
1943 570 2177 650 cognito
2199 617 2215 647 ‚
2249 594 2440 634 coarc-

271 659 605 721 tari'debet
647 660 724 721 ad
767 683 834 722 ea
865 707 881 737 ,
940 684 1072 744 quae
1117 685 1150 722 a
1195 684 1354 723 nexu
1393 664 1652 723 naturali
1698 665 1998 748 pendent3
2053 689 2178 726 non
2235 679 2438 728 autem

273 757 517 818 extendi
551 769 749 841 potest
785 758 862 818 ad
899 781 1001 833 ea,
1045 781 1176 841 quae
1214 749 1737 841 transgrediuntur
1771 763 2061 841 ejusmodi
2108 785 2332 824 nexum
2378 776 2438 850 et

276 877 309 915 a
347 857 468 917 Deo
493 855 556 915 in
591 854 707 916 alio
745 856 961 917 ordine
998 857 1322 916 constituta
1351 869 1492 916 sunt
1533 858 1645 938 (1).

1125 1077 1616 1122 DIFFICULTATES.

950 1206 1055 1266 Ea·
1098 1205 1452 1265 doemonum
1494 1206 1779 1285 efficacia.

371 1427 510 1487 151.
560 1425 694 1507 Obj.
753 1427 816 1486 1ο
855 1428 1112 1486 Possunt
1166 1424 1471 1486 daemones
1513 1426 1663 1485 mira
1707 1446 1888 1508 quam
1922 1426 2113 1486 multa
2156 1439 2391 1510 patrare
2421 1476 2438 1506 .,

286 1546 418 1609 quae
461 1523 559 1586 vel
596 1522 880 1583 miracula
922 1534 1100 1598 sunt,
1152 1521 1249 1585 vel
1299 1521 1510 1581 saltem
1561 1521 1787 1610 eisdem
1838 1522 2199 1605 aequivalent
2246 1526 2445 1607 quoad

287 1621 586 1682 effectum.
609 1622 678 1681 20
696 1620 920 1680 Saltem
944 1621 1241 1680 incertum
1262 1629 1498 1700 'semper
1517 1620 1629 1679 erit
1647 1666 1663 1695 ,
1697 1642 1846 1678 num
1873 1642 1939 1680 ea
1960 1667 1975 1696 ,
2005 1643 2135 1703 quae
2163 1622 2442 1681 miracula

288 1718 582 1778 credimus
599 1764 615 1794 .,
648 1729 858 1800 utpote
885 1716 1231 1777 excedentia
1257 1716 1412 1778 vires
1443 1727 1670 1776 naturae
1702 1715 1873 1776 nobis
1898 1719 2157 1797 cognitas
2180 1764 2196 1793 ,
2228 1717 2444 1778 divinae

289 1836 367 1874 an
409 1814 715 1875 diabolicae
751 1814 1080 1897 operationi
1120 1812 1450 1873 adscribere
1498 1811 1840 1873 debeamus,
1887 1813 1954 1872 30
1995 1815 2064 1872 In
2101 1813 2207 1873 tali
2244 1826 2444 1874 autem

290 1909 472 1986 dubio
486 1911 925 1972 instituendum
945 1922 1097 1972 esset
1112 1932 1363 1970 examen
1379 1910 1454 1970 de
1470 1909 1737 1970 bonitate
1759 1910 2040 1970 doctrinae
2056 1956 2071 1987 ,
2097 1910 2447 1993 priusquam

289 2006 364 2068 de
407 1994 647 2069 auctore
690 2007 959 2069 miraculi
1001 2007 1142 2068 ferri
1187 2003 1492 2085 judiciu-m'
1524 2018 1759 2089 posset3
1809 2007 1875 2066 4⁰
1923 2019 2015 2067 ast
2049 2018 2448 2092 praeterquam

356 2228 441 2294 (l)
474 2228 634 2295 Quum
664 2229 857 2295 quidam
896 2244 951 2276 ex
992 2197 1245 2276 Germania
1280 2230 1332 2274 in

298 2330 494 2362 censura
531 2312 676 2380 hujus
718 2313 826 2360 'loci
871 2310 1204 2376 Wegscheider
1246 2310 1331 2373 (in

304 2394 392 2447 W
388 2394 592 2445 iner-N.
633 2394 774 2445 Krit.
809 2392 1038 2443 Journal.
1073 2393 1158 2440 der
1187 2391 1328 2442 theol.

298 2478 408 2528 Lib.
442 2479 499 2529 B.
527 2496 582 2529 Π.
609 2478 674 2528 Η.
704 2479 754 2539 3,
787 2496 836 2543 p.
875 2475 975 2528 318
1003 2488 1048 2528 et
1071 2477 1241 2544 seqq.)
1263 2495 1334 2526 re-

298 2565 554 2628 posuisset,
586 2562 741 2611 Deum
781 2562 1032 2612 revelando
1076 2561 1331 2610 efficaciam

299 2663 436 2694 suam
462 2647 727 2695 immediate
758 2663 970 2695 exserere
994 2648 1043 2693 in
1071 2646 1332 2693 humanam

298 2730 537 2778 rationem
559 2767 572 2790 ‚
607 2732 783 2796 quippe
813 2746 921 2796 quae
949 2729 1226 2778 causalitatis
1245 2728 1333 2794 legi

300 2812 431 2861 haud
448 2811 673 2873 obnoxia,
690 2813 770 2863 sed
787 2815 853 2862 vis
868 2813 1080 2879 quaedam
1096 2814 1153 2860 sit
1170 2821 1335 2878 sponte

303 2914 386 2944 sua
405 2895 550 2944 libere
566 2912 705 2961 agens
721 2896 882 2963 (quam
896 2896 1092 2945 obscura
1111 2896 1209 2944 haec
1226 2900 1357 2944 sunt‘

310 2990 357 3028 et
403 2981 658 3045 incongrue
692 2980 815 3028 dicta
847 2981 929 3043 !);
973 2970 1211 3043 respondit
1252 2981 1333 3028 cit.

305 3068 507 3128 auctor:
548 3062 608 3109 Is
639 3060 774 3110 haud
802 3061 917 3110 bene
956 3079 1136 3110 memor
1161 3070 1230 3110 est
1269 3061 1336 3109 le-

306 3163 424 3211 qum
450 3183 463 3206 ‚
509 3145 689 3210 quibus
730 3145 1210 3193 animus-humanus
1248 3145 1339 3192 ad-

309 3230 506 3277 strictus
533 3238 633 3294 est,
661 3231 780 3294 qui,
812 3228 947 3276 nulla
975 3227 1075 3277 alia
1095 3230 1139 3276 υἱ
1173 3244 1231 3276 ac
1256 3245 1339 3276 ra-

309 3314 473 3373 tione,
524 3329 688 3360 rerum
730 3314 877 3361 etiam
915 3312 1205 3360 divinarum
1233 3328 1341 3375 coq-

311 3397 550 3444 nitionem
569 3396 671 3444 sibi
683 3413 963 3462 comparare
986 3404 1125 3460 atque
1139 3396 1339 3442 omnino

311 3478 467 3527 excoli
479 3487 670 3546 potest,
703 3481 809 3528 nisi
846 3478 1055 3544 sinqulis
1085 3480 1249 3527 animi
1258 3479 1336 3543 fa-

307 3561 568 3630 cultatibus
579 3563 696 3612 bene
710 3561 931 3623 excultis,
944 3572 1048 3612 tum
1063 3563 1337 3620 intuitione,

308 3661 416 3711 quae
446 3646 631 3697 dicitur
662 3655 852 3697 naturoe
881 3684 896 3709 ,
931 3654 976 3695 et
997 3647 1337 3707 institutione,

1416 2234 1520 2274 tum
1540 2226 1853 2274 meditatione
1880 2234 1926 2273 et
1941 2226 2279 2276 abstractione.
2302 2227 2447 2277 Proe-

1417 2317 1544 2356 terea
1574 2308 1814 2375 ejusmodi
1833 2310 2155 2376 persuasione
2183 2318 2452 2359 commenta

1415 2394 1728 2458 mysticorum
1786 2392 1844 2440 de
1907 2395 2192 2441 commercio
2241 2392 2451 2458 quodam

1414 2478 1544 2526 inter
1578 2475 1739 2524 Deum
1762 2484 1807 2523 et
1834 2475 2055 2525 homines
2077 2475 2359 2525 immediato
2377 2475 2452 2540 fi>-

1414 2568 1588 2608 ventur
1623 2578 1680 2609 ae
1701 2570 2048 2608 sustentantur.
2079 2559 2331 2609 Obscurior
2365 2561 2450 2608 ad·-

1414 2643 1508 2700 huc
1533 2646 1770 2708 responsio
1805 2642 1904 2692 haec
1939 2655 2005 2692 est
2034 2661 2086 2691 ac
2119 2644 2328 2709 pluribus
2362 2661 2449 2691 no-

1415 2727 1624 2785 minibus
1656 2728 1785 2776 falsa.
1817 2727 1995 2792 Religio
2029 2726 2171 2776 debet
2212 2744 2308 2774 esse
2347 2742 2449 2773 om-

1416 2814 1581 2873 nium,
1625 2811 1829 2877 ideoque
1874 2812 2014 2859 etiam
2055 2810 2297 2858 radiorum
2321 2844 2333 2866 ‚
2366 2809 2449 2873 qui

1417 2912 1514 2942 non
1535 2894 1710 2943 habent
1725 2911 1891 2943 omnes
1909 2895 2054 2942 animi
2073 2892 2313 2940 facultates
2327 2890 2450 2940 bene

1419 2977 1658 3040 excultas;
1690 2977 1861 3026 falsum
1896 2987 1963 3026 est
1991 2993 2088 3024 non
2124 2991 2255 3040 posse
2291 2968 2448 3022 homi·

1370 3109 1379 3119 ,
1420 3078 1529 3109 nem
1552 3061 1640 3109 sibi
1656 3077 1926 3126 comparare
1956 3061 2269 3123 coguitionem
2290 3074 2449 3106 rerum

1420 3144 1684 3193 divinarum
1705 3147 1791 3202 nisi
1816 3145 2083 3192 intuitione
2101 3154 2144 3191 et
2159 3144 2451 3190 institutione

1420 3239 1598 3277 naturae
1635 3229 1710 3277 vel
1744 3226 2080 3276 abstractione.
2107 3225 2246 3290 Quod
2279 3234 2451 3290 spectat

1421 3312 1478 3359 ad
1512 3312 1767 3360 fanaticum
1823 3327 1973 3374 nuper
2009 3309 2257 3356 inductum
2310 3322 2450 3371 penes

1421 3404 1727 3460 protestantes
1770 3392 2025 3441 Germaniae
2069 3392 2446 3459 mysticismum‚

1420 3480 1510 3543 ipsi
1538 3478 1774 3535 viderint,
1798 3494 1884 3525 nec
1914 3477 2042 3524 enim
2067 3472 2295 3541 ejusmodi
2315 3470 2453 3519 aber-

1424 3563 1624 3610 rationes
1654 3558 1789 3608 nobis
1826 3559 2084 3625 expendere
2108 3559 2158 3605 in
2186 3556 2343 3603 animo
2361 3564 2447 3603 est.
