2554 4140
343 125 385 182 2

343 288 486 348 ticos
519 283 866 368 perstringet
887 321 904 353 .,
949 275 1371 339 revelationem
1413 280 1617 361 utique
1647 278 1994 360 recipientes
2013 325 2029 355 ,
2062 293 2123 340 at
2153 303 2282 342 eam
2303 305 2469 342 man-

345 404 472 444 eam
500 427 515 457 .,
547 391 614 438 ut
642 379 720 436 ita
748 374 955 456 loquar
973 418 989 447 ,
1035 384 1094 432 et
1122 373 1392 433 mutilam
1431 396 1444 431 :
1491 375 1711 457 quippe
1737 376 1838 456 qui
1870 374 2213 437 traditiones
2242 378 2470 439 divinas

342 483 663 559 respuunt,
696 479 756 530 et
783 490 1040 551 pronum
1077 468 1152 527 ad
1190 468 1664 530 incredulitatem
1703 471 1814 530 iter
1839 471 2059 530 faciunt
2080 518 2095 546 7
2139 486 2471 556 negantque

343 568 711 633 commissam
746 563 1006 624 Ecclesiae
1054 563 1329 624 custodiae
1375 577 1434 624 et
1469 566 1604 625 fidei
1640 566 2062 626 revelationem
2099 571 2335 650 ejusque
2373 591 2471 629 com

340 666 692 748 guidonem,
724 683 903 744 quam
941 672 1162 720 temere
1200 659 1275 719 ad
1295 665 1392 738 jus
1427 660 1725 746 'devocant
1759 684 2115 745 sensumque
2151 665 2468 745 privatum.

423 761 482 822 3.
532 756 885 820 Intendendi
920 756 1016 815 hic
1050 777 1190 815 sane
1226 754 1421 815 nobis*
1434 757 1602 820 nervi
1639 780 1844 818 omnes
1881 758 2184 818 industriae
2212 771 2269 818 et
2307 760 2473 841 inge-

339 859 468 935 nii,
518 878 628 917 nec
679 852 1148 938 permittendum
1197 862 1263 910 ut
1305 852 1368 911 in
1419 854 1570 913 tanti
1618 856 1907 914 momenti
1958 876 2022 914 re
2065 855 2198 914 ullae
2254 868 2471 918 nostrae

341 964 537 1039 partes
592 950 1015 1011 desiderentur.
1071 948 1466 1007 Patrocinium
1516 949 1676 1009 enim
1735 950 2076 1032 suscipimus
2132 971 2282 1012 verae
2334 952 2472 1011 reli—

341 1050 561 1132 gionis3
622 1047 810 1135 agitur
858 1044 1001 1104 fides
1056 1043 1333 1104 catholica
1370 1090 1385 1118 7
1451 1055 1705 1125 aguntur
1762 1046 2017 1106 Ecclesiae
2063 1051 2234 1124 jura,
2282 1049 2471 1127 agitur

268 1151 279 1157 ’
342 1157 677 1206 sanctorum
730 1141 995 1201 doctrina
1019 1186 1034 1214 ,
1089 1139 1481 1222 tranquillitas
1534 1141 1797 1223 imperii,
1859 1142 2012 1202 salus
2068 1143 2421 1225 populorum
2450 1190 2465 1219 ,

342 1243 698 1323 sempiterna
747 1238 1057 1299 hominum
1099 1235 1338 1296 felicitas
1363 1284 1379 1312 7
1436 1260 1565 1320 quae
1619 1239 1819 1299 omnia
1864 1250 2030 1298 extra
2080 1261 2283 1301 veram
2331 1240 2470 1301 reli-

342 1338 578 1420 gionem
611 1336 825 1397 frustra
856 1333 1115 1416 requiras
1137 1377 1153 1408 .,
1186 1332 1474 1415 siquidem
1505 1334 1568 1393 in
1602 1356 1668 1394 ea
1698 1334 1866 1394 unice
1903 1334 2301 1395 continentur.
