2554 4140
320 116 400 176 28
977 136 1046 171 nr.
1088 135 1240 175 VERA
1285 138 1406 173 nm..
1457 138 1591 177 ADV.
1643 140 1791 177 mon.

331 283 522 355 Quare
553 280 685 342 vel
669 299 792 358 ipse
816 278 1076 339 Socrates
1099 325 1114 354 7
1155 281 1257 362 qui
1282 280 1456 362 vulgo
1483 281 1830 365 perhibetur
1857 285 2268 348 monotheismi
2297 310 2455 348 mar-

329 389 467 459 tyr7
499 387 645 436 teste
680 373 1074 456 Xenophonte
1101 374 1194 456 (1)
1217 422 1232 451 7
1273 381 1394 455 ejus
1430 377 1755 503 bioglapho
1781 390 1841 438 et
1868 380 2206 462 apologeta7
2238 385 2455 465 passim

326 473 527 556 patriis
554 469 661 527 diis
687 469 1050 530 immolabat.

408 567 505 625 75.
553 566 635 624 Ex
669 564 898 625 defectu
938 567 1182 628 demum
1204 573 1571 636 sanetzonis;
1609 592 1742 630 cum
1774 570 1981 629 nulla
1966 572 2079 653 1psi
2115 574 2459 634 auctoritate

327 682 428 721 sua
459 659 555 722 vel
589 662 828 744 praemia
875 662 970 723 vel
1007 686 1215 746 poenas
1251 677 1678 747 praeceptorum
1714 689 1955 727 suoi-tum
1989 667 2459 728 observatoribus

327 757 423 819 vel
448 758 972 838 transgressoribus
1007 781 1339 842 proponere
1366 763 1702 841 potuerint,
1733 776 1908 846 atque
1938 765 2255 824 irriderent
2275 810 2291 839 7
2331 784 2460 845 quae

327 865 517 936 poetae
570 853 643 914 de
682 855 871 935 elysiis
915 855 1012 917 vel
1059 857 1256 936 stygiis
1302 856 1540 916 sedibus
1590 860 1928 919 cecinerunt
1971 861 2084 940 (2).
2139 862 2273 919 Jam
2319 881 2460 920 vero

329 949 471 1032 quid
484 955 701 1029 juvant
725 951 1187 1033 eloquentissimi
1212 953 1428 1034 quique
1459 963 1741 1013 tractatus
1773 954 1846 1014 de
1872 954 2188 1015 virtutibus
2213 977 2278 1015 ac
2306 955 2460 1016 vitiis

330 1046 406 1105 ad
440 1046 687 1128 populos
720 1046 938 1129 absque
976 1059 1133 1106 certa
1180 1049 1481 1108 sanctione
1516 1048 1613 1109 vel
1649 1049 1724 1108 ad
1764 1052 2049 1111 virtutem
2085 1049 2459 1111 adducendos

329 1143 428 1205 vel
463 1143 849 1203 retrahendos
879 1166 909 1202 a
953 1144 1156 1205 vitiis?

413 1241 512 1299 76.
562 1241 696 1298 Dixi
732 1262 870 1301 vero
907 1262 977 1299 ea·
1009 1243 1245 1321 triplici
1276 1242 1507 1320 defectu
1532 1244 1685 1321 ipsis
1714 1242 2075 1314 inhaerente,
2114 1264 2236 1302 non
2271 1233 2489 1302 solum'

331 1347 398 1394 ut
446 1337 737 1395 rationem
771 1336 1081 1395 redderem
1109 1337 1244 1396 facti
1279 1338 1563 1420 propositi
1585 1383 1600 1412 7
1642 1359 1850 1397 verum
1887 1338 2063 1397 etiam
2087 1383 2102 1412 7
2147 1349 2214 1396 ut
2248 1338 2463 1398 innue-

332 1453 460 1491 rem
519 1431 798 1492 adversus
854 1446 1085 1492 nostros
1143 1433 1356 1492 deistas
1405 1455 1467 1493 ac
1518 1433 1944 1508 rationalistas7
1998 1453 2107 1492 nec
2153 1434 2308 1515 ipsos
2356 1434 2466 1492 tri-

334 1527 471 1609 plici
509 1527 619 1587 hoc
657 1529 890 1587 defectu
937 1528 1271 1589 laborantes
1319 1541 1420 1588 aut
1461 1551 1620 1588 nunc
1672 1550 1795 1587 esse
1839 1539 1939 1587 aut
1982 1550 2242 1610 unquam
2297 1550 2465 1610 pares

334 1624 492 1697 fore,
545 1626 795 1707 seposita
838 1625 1196 1686 revelatione
1222 1625 1420 1686 divina
1457 1646 1522 1683 ac
1549 1623 2018 1706 supernaturali,
2058 1623 2133 1682 ad
2171 1624 2279 1682 hoc
2309 1624 2467 1683 idem

336 1721 742 1800 proestandum
764 1766 780 1796 7
845 1721 1004 1803 quod
1063 1733 1288 1780 veteres
1344 1719 1682 1802 philosophi
1740 1721 1984 1779 minime
2036 1731 2312 1802 praestare
2362 1741 2466 1780 va-

336 1814 578 1875 luerunt
607 1817 717 1898 (3).

419 1914 519 1972 77.
570 1915 673 1974 His
710 1916 888 1994 igitur
917 1915 997 1975 sic
1026 1915 1356 1975 constitutis
1384 1914 1465 1973 ita
1506 1913 1954 1995 perstringimus
1987 1922 2405 1992 argumentum
2449 1934 2462 1968 ε

339 2030 430 2068 res
469 2010 603 2068 facti
644 2010 887 2069 indubia
927 2023 1016 2070 est
1042 2056 1057 2083 ‚

412 2245 473 2309 (1)
510 2245 728 2311 Xenoph.
768 2243 840 2293 De
861 2244 1007 2310 factis
1037 2252 1082 2292 et
1104 2243 1248 2292 dictis
1272 2239 1366 2291 So-

277 2375 279 2377 .
341 2329 490 2377 cratis
514 2337 780 2376 memoratu
811 2328 1002 2392 diqni⁸7
1027 2329 1063 2376 l.
1088 2345 1103 2375 1
1125 2363 1140 2391 ,
1170 2345 1276 2391 cap.
1320 2343 1364 2376 1.

426 2411 494 2475 (2)
531 2411 751 2478 Apposite
769 2410 817 2461 J.
834 2410 878 2459 J.
896 2410 1133 2459 Rousseau
1150 2412 1200 2457 in
1213 2408 1370 2457 Emile

342 2495 378 2544 l.
410 2511 478 2544 111.
514 2513 563 2560 p.
607 2492 730 2562 187,
764 2497 830 2543 ita
880 2493 1207 2559 philosophum
1248 2491 1367 2540 allo-

346 2581 505 2645 quitur
534 2596 547 2626 :
577 2578 793 2626 Frustra
823 2579 1048 2625 virtutem
1075 2585 1279 2624 statuere
1310 2591 1368 2622 ac

347 2661 630 2726 confirmare
646 2663 799 2708 unias
809 2662 1018 2708 rationis
1032 2677 1115 2726 ope
1130 2660 1325 2709 conaris
1351 2675 1367 2706 .·

347 2761 465 2792 nam
495 2760 587 2809 quo
626 2760 844 2808 unquam
870 2742 1190 2807 fundamento
1235 2740 1370 2788 illam

343 2828 524 2893 poteris
547 2834 813 2874 sustentare
830 2830 854 2873 ?
885 2824 1152 2875 Praeclarae
1177 2824 1371 2889 quidem

351 2916 466 2957 sunt
492 2917 588 2956 tuae
619 2908 676 2956 de
691 2906 904 2956 moribus
920 2908 1041 2973 ques
1060 2945 1073 2967 7
1096 2907 1179 2956 sed
1203 2924 1372 2955 earum

350 2991 462 3040 cedo
478 3028 492 3051 ‚
521 3007 680 3055 quoeso
694 3027 710 3052 7
742 2992 1037 3038 sanctionem
1055 2992 1077 3037 !
1100 2992 1231 3055 Aqe,
1257 2990 1375 3054 quid

349 3082 526 3122 oeterno
551 3074 817 3138 inferorum
845 3074 954 3136 iqni
978 3073 1228 3138 suffectum
1259 3074 1334 3120 vis
1351 3077 1375 3119 ?

424 3155 487 3219 (33)
519 3155 596 3204 Sic
620 3156 836 3221 graphice
860 3155 1076 3204 describit
1099 3155 1226 3203 idem
1250 3155 1296 3203 J.
1324 3155 1352 3202 J
1360 3190 1374 3205 .

352 3238 588 3287 Rousseau
610 3240 773 3287 deistas
789 3255 867 3286 seu
888 3234 1190 3303 philosophos
1213 3254 1226 3284 :
1251 3237 1377 3284 Phi-

354 3320 566 3387 losophos
588 3357 601 3379 ‚
630 3323 783 3387 inquit
801 3358 813 3379 7
842 3319 1095 3379 consului,
1127 3337 1290 3367 eorum
1315 3318 1377 3366 li-

356 3402 692 3469 brospervolvi
709 3441 721 3463 7
757 3419 814 3450 ac
840 3404 1003 3450 varias
1027 3403 1278 3468 opiniones
1295 3418 1378 3449 ex-

348 3485 523 3551 pendi,
542 3487 720 3550 aqnovi
737 3502 896 3533 omnes
917 3486 1195 3533 animorum
1210 3483 1380 3549 plenos

362 3569 656 3632 affirmantes
680 3567 938 3628 audacter,
977 3567 1123 3615 etiam
1151 3569 1209 3614 in
1239 3566 1380 3614 rebus

358 3649 523 3699 dubiis
544 3668 601 3700 ea·
621 3650 806 3717 tripode
810 3649 1095 3717 judicantes
1112 3686 1125 3711 7
1154 3650 1242 3714 qui
1256 3650 1381 3697 scire

1105 2010 1427 2086 humanam
1475 2010 1822 2089 sapientiam
1858 2019 1917 2068 et
1952 2008 2302 2068 industriam
2351 2029 2473 2067 non

1453 2260 1502 2292 ce
1529 2244 1693 2291 omnia
1705 2242 2004 2308 profitentur
2022 2279 2035 2302 7
2063 2243 2297 2290 extricent
2324 2240 2474 2300 nihil,

1453 2343 1550 2374 sese
1577 2328 1783 2374 invicem
1819 2326 2061 2373 irrideant
2080 2363 2093 2385 7
2126 2324 2251 2389 quod
2280 2323 2477 2389 quidem

1452 2427 1701 2458 commune
1729 2410 1952 2457 omnibus
1971 2409 2027 2456 id
2056 2408 2181 2456 mihi
2208 2409 2367 2456 visum
2387 2415 2474 2468 est,

1452 2494 1508 2540 in
1549 2509 1640 2557 quo
1675 2493 1877 2540 minime
1916 2490 2292 2539 hallucinantur.
2336 2488 2482 2537 Elati

1455 2585 1499 2624 et
1529 2577 1671 2641 quasi
1698 2583 1891 2623 ovantes
1911 2613 1924 2634 7
1954 2592 2107 2640 quum
2138 2571 2258 2620 alios
2277 2580 2475 2638 petant;

1453 2677 1603 2724 quum
1638 2661 1739 2725 ipsi
1763 2667 2023 2724 petuntur,
2059 2657 2211 2722 fracti
2223 2664 2266 2704 et
2281 2655 2474 2721 abjecti,

1455 2745 1501 2790 si
1528 2760 1693 2790 eorum
1731 2749 2015 2806 arqamenta
2051 2739 2294 2806 explores,
2343 2736 2477 2785 nulla

1450 2824 1596 2892 plane
1626 2827 1842 2873 invenies
1858 2825 1961 2871 nisi
1982 2822 2048 2870 ad
2063 2820 2367 2870 evertendum
2384 2818 2477 2867 ali-

1457 2908 1577 2973 quid
1591 2916 1888 2973 comparata7·
1904 2907 1949 2953 si
1962 2905 2198 2971 suffraqia
2215 2919 2473 2963 recenseas7

1458 2991 1512 3038 id
1537 2992 1736 3055 quisque
1762 2990 1859 3054 sert
1875 3026 1888 3049 7
1912 2988 2040 3053 quod
2059 2987 2156 3033 sibi
2172 2987 2368 3051 quisque
2387 2987 2478 3032 tri-

1460 3074 1565 3121 buit
1595 3090 1608 3121 ε
1638 3072 1775 3121 nulla
1803 3072 1994 3137 quidem
2021 3071 2075 3117 in
2095 3086 2146 3116 re
2167 3070 2271 3115 nisi
2289 3069 2345 3115 in
2366 3084 2479 3116 con-

1462 3154 1703 3203 tendendo
1720 3154 1819 3202 sibi
1848 3155 2058 3201 invicem
2083 3150 2318 3199 cohaerent
2335 3189 2347 3211 7
2371 3166 2481 3198 cum

1463 3239 1562 3303 ipsi
1610 3241 1703 3286 uni
1742 3237 1957 3285 veritatis
1989 3234 2174 3282 lumine
2216 3232 2448 3281 illustrati
2464 3270 2477 3292 7

1463 3319 1681 3379 candidi,
1712 3318 1810 3383 fide
1828 3317 1970 3382 diqni
1985 3317 2140 3365 videri
2157 3315 2348 3375 volunt,
2378 3323 2482 3361 tum

1464 3419 1550 3449 nos
1564 3402 1747 3467 jubent
1763 3399 2107 3466 quodammodo
2124 3401 2339 3465 ipsorum
2355 3395 2482 3443 dioto

1465 3485 1761 3548 acquiescere
1781 3520 1794 3543 7
1835 3490 1880 3530 et
1896 3482 2076 3548 putida
2099 3490 2239 3546 atque
2272 3477 2483 3526 absurda

1465 3573 1729 3615 commenta
1739 3581 1832 3631 pro
1852 3566 1979 3613 veris
1997 3581 2054 3613 ac
2071 3564 2212 3612 certis
2215 3560 2484 3627 principiis

1467 3646 1745 3699 obtrudant.
1784 3647 1935 3697 Emile
1953 3684 1966 3710 7
1988 3657 2105 3696 tom.
2131 3661 2185 3693 111
2202 3679 2216 3705 7
2243 3661 2292 3709 p.
2330 3658 2413 3692 21.
