2554 4140
1041 136 1358 175 (1οΝ0111310.
1371 172 1375 173 ff
2132 117 2249 176 363

140 283 352 342 terium
394 287 531 360 juge
552 324 568 355 .,
612 278 955 352 infallibile‚
987 277 1246 348 visibile,
1292 269 1688 359 perpetuum,
1723 299 1838 359 quo
1874 289 2000 337 tuto
2033 276 2254 357 dirige-

139 390 346 437 rentur
375 378 438 435 in
468 360 667 435 salutis
696 376 789 435 via
810 420 826 449 ‚
863 395 1054 455 neque
1077 393 1114 438 a
1138 373 1401 432 veritatis
1427 373 1662 433 tramite
1681 418 1696 447 ,
1741 383 1806 431 ut
1835 384 2036 449 antea,
2078 372 2253 433 aber-

138 484 359 531 rarent‘
393 473 517 530 Hoc
541 493 679 531 vero
715 469 1109 549 magisterium
1144 468 1340 546 posuit
1369 469 1431 526 in
1461 466 1708 529 Ecclesia
1729 514 1745 542 ,
1776 490 1954 550 quam
1987 468 2255 530 Christus

137 566 441 639 fundavit,
475 587 603 627 eam
640 564 749 623 sibi
777 560 1126 644 acquirendo
1158 561 1438 637 sanguine
1465 585 1569 625 suo
1597 608 1613 636 .‚
1651 585 1716 622 ac
1746 566 1980 644 praecise
2018 565 2081 622 in
2113 586 2252 646 pas·-

133 672 331 719 torum
369 672 526 736 coetu
551 659 661 721 sub
695 659 979 738 regimine
999 655 1169 712 unius
1202 655 1404 735 capitis
1449 658 1719 733 visibiliS.‚
1759 659 1918 740 quod
1951 660 2015 718 in
2050 672 2243 719 totum

132 775 338 835 corpus
371 753 678 828 influeret,
716 750 991 833 quodque
1028 748 1479 808 fundamentum
1518 752 1694 817 totius
1729 754 1951 814 aedificii
1989 755 2254 816 Ecclesiae

131 871 248 909 suae
280 847 629 935 esse-voluit.
661 845 973 906 Constituit
993 889 1011 919 .,
1041 856 1107 902 ut
1132 845 1265 903 huic
1290 843 1553 904 Ecclesiae
1577 867 1780 906 omnes
1803 849 2250 927 subjicerentur,

132 946 244 1004 nisi
272 945 456 1005 velint
481 941 686 1003 haberi
731 952 1035 1022 tamquam
1072 941 1289 1000 ethnici
1312 953 1371 1000 et
1398 940 1692 1028 publicani
1711 988 1727 1017 a
1765 943 1827 1002 id
1858 957 1976 1021 est,
1998 956 2256 1009 extorres

131 1039 206 1098 ab
247 1039 358 1098 hoc
409 1035 718 1097 individuo
767 1057 1005 1117 corpore
1044 1058 1149 1098 seu
1183 1037 1453 1097 societate
1494 1059 1524 1095 a
1568 1059 1629 1097 se
1669 1040 2014 1114 constituta,
2069 1063 2134 1100 ac
2170 1042 2256 1104 rei

97 1114 99 1116 >
130 1133 383 1193 criminis
411 1131 827 1213 perduellionis
847 1176 864 1205 ,
899 1129 1147 1212 ideoque
1189 1143 1420 1191 aeternae
1449 1131 1863 1194 damnationis,

213 1227 351 1286 331.
388 1227 535 1285 Huic
559 1225 824 1286 Ecclesiae
840 1226 1209 1287 revelationis
1230 1226 1562 1308 depositum
1589 1230 1951 1308 consignavit
1968 1275 1985 1304 ‚
2013 1230 2257 1297 manda,-

135 1323 338 1402 vitque
358 1367 373 1397 ‚
404 1333 471 1379 ut
492 1323 617 1402 ipsa
637 1322 699 1380 in
729 1323 970 1398 nomine
996 1344 1101 1382 suo
1136 1316 1480 1404 praedicaret
1514 1324 1893 1404 Evangelium
1919 1327 2081 1385 omni
2107 1324 2262 1388 crea-

136 1429 281 1476 turae
302 1462 317 1491 ,
349 1417 559 1492 idest,
596 1417 860 1491 inomni
881 1416 1009 1476 loco
1041 1429 1101 1476 et
1133 1419 1295 1476 omni
1326 1429 1592 1500 tempore
1614 1463 1631 1494 ⁷
1658 1419 2066 1481 adsistentiam
2088 1444 2255 1483 suam

133 1515 484 1596 promittens
503 1558 520 1588 .‚
546 1535 624 1574 ne
640 1535 897 1595 unquam
914 1514 978 1572 in
1004 1513 1114 1574 hoc
1131 1514 1454 1575 ministerio
1482 1515 1576 1577 vel
1599 1516 1872 1578 deficeret
1893 1519 1989 1580 vel
2007 1530 2251 1581 erraret.

135 1597 330 1668 Voluit
346 1620 412 1667 ut
436 1610 645 1689 pignus
661 1610 1019 1670 adsistentiae
1042 1631 1157 1671 suae
1185 1631 1304 1693 prae
1322 1632 1384 1671 se
1404 1612 1581 1673 ferret
1598 1613 1876 1673 miracula
1895 1659 1911 1688 .,
1944 1615 2216 1677 vaticinia
2229 1660 2251 1690 ‚1

135 1704 361 1786 aliaque
386 1704 800 1764 charismatum
824 1705 978 1766 dona
999 1751 1016 1780 ,
1060 1727 1167 1765 nec
1184 1728 1304 1766 non
1326 1707 1769 1768 foecunditatem
1791 1753 1807 1782 ‚
1833 1731 1955 1769 non
1978 1709 2170 1770 solum
2191 1711 2262 1770 in·

137 1800 268 1858 filiis
302 1800 634 1879 gignendiS„
683 1801 785 1860 sed
816 1800 1209 1882 provehendis
1256 1824 1440 1883 usque
1475 1804 1552 1863 ad
1586 1803 1823 1884 plenam
1859 1807 2250 1868 sanctitatem,

218 1895 355 1954 332.
384 1897 520 1955 Haec
544 1907 740 1956 autem
770 1896 1015 1957 Ecclesia
1032 1943 1049 1974 ‚
1076 1918 1204 1978 quae
1239 1899 1418 1979 coepit
1446 1899 1510 1958 in
1547 1902 1719 1959 Petro
1745 1912 1804 1959 et
1831 1901 1893 1959 in
1918 1901 2218 1983 Apostolis‘
2235 1947 2253 1977 .,

138 1990 415 2049 continua
469 2002 531 2051 et
577 2014 883 2073 nunquam
943 1993 1271 2074 interrupta
1334 1995 1693 2054 successione
1712 2041 1729 2070 7
1790 1995 1954 2056 velut
2002 2019 2252 2079 persona

134 2085 371 2144 moralis
406 2108 639 2165 semper
670 2089 1000 2169 jugiterque
1034 2091 1465 2170 perseveravit,
1524 2111 1591 2151 ac
1645 2091 1817 2173 plena
1864 2093 1980 2153 vita
2009 2094 2255 2174 praedita

130 2203 315 2262 usque
338 2181 413 2240 ad
435 2205 576 2255 1103,
608 2195 784 2265 prout
814 2206 884 2243 ex
915 2185 1128 2245 divinis
1164 2188 1460 2266 promissis
1498 2209 1728 2269 semper
1769 2190 2101 2270 jugiterque
2138 2213 2257 2250 una

132 2289 190 2336 et
238 2277 540 2338 individua
597 2280 996 2360 perseverabit
1052 2303 1234 2362 usque
1278 2282 1354 2340 ad
1409 2286 1973 2344 consummationem
2031 2285 2260 2362 saeculi,

133 2371 395 2431 ambiens
439 2373 636 2432 omnia
689 2374 815 2433 loca
863 2386 924 2434 et
963 2377 1160 2434 omnia
1205 2387 1505 2457 tempora,
1543 2399 1779 2459 semper
1816 2400 1934 2460 prae
1965 2402 2025 2439 se
2062 2381 2256 2441 ferens

130 2467 341 2527 divinae
377 2468 730 2528 adsistentiae
754 2471 999 2551 pignora
1030 2483 1090 2530 et
1142 2485 1503 2551 argumenta.
1549 2462 1779 2533 Restitit
1807 2478 1968 2534 enim
2001 2478 2169 2535 firma
2200 2489 2258 2537 et

129 2563 517 2638 invincibilis,
562 2564 840 2623 adversus
880 2565 988 2623 sibi
1035 2570 1459 2654 praenunciatas
1500 2570 1719 2627 inferni
1759 2572 2255 2647 machinationeS,

132 2669 258 2715 tum
288 2670 558 2717 externas
579 2703 595 2734 ‚
621 2680 689 2717 ex
709 2670 873 2738 parte
904 2659 1275 2719 ethnicorum
1293 2662 1737 2722 seuinfidelium
1761 2711 1775 2739 ,
1810 2676 1936 2723 tum
1960 2666 2221 2727 internas
2237 2714 2254 2745 ‚

131 2773 201 2810 ex
214 2752 610 2832 perduellione
636 2752 886 2812 filiorum
909 2778 1167 2816 suorum.
1198 2756 1326 2815 Sibi
1354 2758 1644 2818 sufficiens
1666 2805 1682 2833 .,
1711 2782 1809 2820 seu
1836 2763 2030 2842 potius
2058 2763 2259 2826 divino

129 2848 397 2928 praesidio
421 2870 485 2907 ac
509 2848 716 2911 divinis
752 2851 1264 2931 pollicitationibus
1294 2855 1495 2914 innixa
1518 2902 1532 2930 ,
1562 2856 1973 2938 independens
2015 2862 2255 2920 omnino

129 2954 218 3000 est
241 2942 314 3000 ab
337 2942 643 3002 hominum
667 2946 1013 3026 siveyfavore
1039 2950 1161 3009 sive
1185 2949 1416 3024 furore3
1451 2950 1741 3011 humanos
1774 2954 2000 3014 favores
2027 2967 2255 3035 spectat

122 3049 188 3094 ut
241 3039 467 3112 media⁷
517 3027 946 3120 persecutiones
992 3055 1051 3103 et
1092 3046 1241 3103 iram
1278 3057 1343 3103 ut
1384 3046 1793 3127 probationeS,
1851 3049 1955 3108 sed
1996 3073 2103 3110 nec
2142 3051 2254 3110 illis

119 3132 390 3191 innititur
410 3179 426 3208 ‚
474 3156 579 3194 nec
624 3135 757 3194 istas
803 3137 1078 3198 formidat
1097 3185 1113 3213 ‚
1168 3152 1228 3199 et
1265 3142 1470 3201 saecula
1530 3145 1742 3222 trajicit
1796 3147 1965 3205 novis
2026 3169 2257 3231 semper

123 3227 431 3309 triumphis
469 3228 620 3288 clara
647 3276 663 3302 .,
712 3230 918 3292 uberes
949 3235 1270 3295 sanctitatis
1320 3236 1537 3296 fructus
1567 3235 1894 3321 producens
1923 3287 1938 3316 7
1988 3241 2258 3301 homines

118 3343 333 3403 nempe
377 3334 501 3382 tum
535 3325 804 3399 omnibus
840 3329 1156 3389 virtutibus
1185 3343 1311 3390 tum
1351 3332 1768 3393 charismatum
1792 3336 1958 3396 donis
1990 3338 2250 3416 insignes

118 3416 176 3490 in
223 3418 622 3479 testimonium
664 3421 884 3484 divinae
928 3425 1170 3505 originis
1216 3447 1371 3501 suae,
1429 3450 1494 3487 ac
1524 3452 1707 3490 novos
1742 3453 1974 3512 semper
2014 3431 2162 3491 filios
2188 3432 2252 3491 in

122 3513 337 3572 coelum
362 3519 711 3576 transmittit
738 3565 753 3594 7
790 3542 975 3602 usque
996 3523 1140 3581 dum
1161 3521 1365 3605 etipsa
1385 3571 1400 3598 ,
1428 3548 1548 3584 non
1574 3526 1796 3587 habens
1829 3549 2019 3609 neque
2044 3550 2249 3608 rugam

127 3630 318 3690 neque
343 3612 626 3670 maculam
648 3658 663 3683 5
691 3636 825 3673 cum
844 3617 1168 3698 completus
1191 3619 1265 3677 sit
1283 3620 1602 3681 electorum
1632 3645 1909 3697 numerus
1930 3667 1947 3695 ,
1992 3622 2255 3702 regnabit

131 3703 192 3761 in
222 3717 535 3786 perpetuas
563 3710 936 3769 aeternitateS.
