2554 4140
302 147 424 207 286

937 165 1006 202 DE
1054 165 1204 204 VERA
1248 165 1372 202 REL.
1424 166 1556 204 ARV,
1602 166 1805 204 Hartm-

294 318 507 392 jungat
527 355 545 385 ,
577 320 644 367 ut
666 309 808 367 Otto
839 306 994 367 bene
1017 308 1259 390 exponit
1291 310 1397 389 (1).
1432 308 1535 368 Vel
1565 320 1742 392 prout
1766 330 1893 369 rem
1917 311 2167 393 explicat
2190 318 2260 376 D.
2288 317 2440 376 Titt-

303 429 486 468 mann
511 450 526 480 .,
575 403 642 463 30
684 403 831 464 adeo
874 403 980 463 sibi
1030 405 1276 464 Ecclesia
1319 416 1651 487 protestans
1695 405 1984 466 unitatem
2027 407 2317 489 vindicat,
2374 424 2441 472 ut

303 504 369 581 a)
385 522 607 561 sacram
626 501 984 584 Scripturam
1011 524 1119 583 pro
1146 501 1316 561 unico
1338 500 1711 561 revelationis
1735 502 1897 561 fonte
1920 501 2164 580 habeat,
2189 499 2252 582 h)
2279 527 2439 567 sem·-

301 599 598 681 piternam
629 597 889 656 veritatis
915 598 1393 679 propagationem
1420 610 1479 656 et
1502 601 1571 676 c)
1598 598 1943 658 continuum
1966 598 2226 659 Ecclesiae
2250 600 2443 661 chris-

309 695 488 754 tianae
515 715 888 776 progressum
915 693 1190 752 admittat
1219 694 1348 776 (2)3
1381 715 1540 775 ergo,
2313 691 2318 696 ⁷

394 791 532 851 187.
586 793 755 872 Resp.
784 790 872 849 Ad
900 792 981 848 1¹¹²
1002 836 1019 864 a
1047 790 1197 871 Neq.
1223 812 1455 850 rursum
1476 802 1664 850 antec.
1696 802 1755 851 et
1782 792 2175 874 suppositum.
2209 794 2446 871 Rejecta

315 885 502 966 semel
522 885 786 946 Ecclesiae
812 885 1107 945 catholicae
1135 886 1482 946 auctoritate
1500 932 1515 959 ,
1548 886 1706 947 unde
1729 899 1955 947 constat
1982 889 2444 948 protestantibus

306 981 493 1044 libros
519 1003 694 1043 sacrae
719 982 1029 1063 Scripturae
1059 981 1232 1040 fuisse
1256 981 1567 1063 inspiratos
1597 994 1655 1043 et
1683 982 1912 1044 divinos
1934 1030 1949 1058 ,
1976 985 2068 1045 vel
2096 985 2446 1067 inspiratam

316 1079 492 1138 fuisse
516 1076 842 1160 quamlibet
863 1077 1121 1158 ipsorum
1148 1086 1379 1157 partem
1416 1078 1529 1136 nisi
1561 1099 1633 1136 ex
1667 1079 1793 1160 ipso
1817 1081 2023 1162 spiritu
2049 1082 2309 1162 privat03
2340 1080 2447 1163 qui

307 1187 396 1236 est
464 1175 621 1234 solus
669 1171 861 1251 judex
917 1170 1326 1253 independens
1377 1172 1774 1253 inspirationis
1796 1174 1827 1234 ⁶?
1882 1177 2093 1236 Nonne
2152 1177 2440 1236 Lutherus

302 1269 592 1351 expunxit
632 1270 889 1348 integros
925 1266 1104 1326 libros
1141 1288 1173 1327 e
1204 1288 1384 1327 censu
1428 1268 1744 1349 Scripturae
1786 1267 2067 1329 divinitus
2099 1270 2445 1354 inspiratae'?

305 1367 375 1424 Et
411 1376 547 1448 post
588 1363 914 1424 Lutherum
950 1384 1152 1424 nonne
1185 1364 1538 1424 recentiores
1575 1365 1817 1446 quidam
1847 1367 2175 1426 Germaniae
2211 1371 2447 1428 Protes-

306 1473 503 1522 tantes
550 1461 814 1521 divinam
857 1461 1305 1543 inspirationem
1348 1460 1739 1542 plurimarum
1782 1462 2039 1543 partium
2082 1462 2394 1544 Scripturae
2427 1509 2444 1539 ,

304 1561 427 1620 imo
460 1572 520 1620 et
557 1561 734 1620 totius
764 1559 1075 1641 Scripturae
1103 1558 1427 1618 formaliter
1456 1561 1788 1638 rejecerunt
1825 1558 1961 1640 (ΒΥ.)
1992 1561 2201 1619 Nonne
2229 1581 2302 1619 ex
2332 1561 2451 1642 Re-

310 1657 577 1717 formatis
603 1657 981 1735 Benjaminus
1004 1656 1291 1714 Constant
1311 1700 1327 1730 ,
1359 1655 1451 1714 cui
1473 1656 1729 1715 concinit
1750 1656 2087 1736 Recognitio
2110 1667 2445 1736 protestans

304 1764 507 1837 aperte
539 1752 721 1812 tradit
756 1752 937 1811 libros
962 1753 1193 1820 Veteris
1216 1752 1577 1812 Testamenti
1598 1763 1902 1834 corruptos
1937 1773 2148 1832 magna
2181 1773 2253 1812 ex
2277 1761 2447 1835 parte

374 2029 438 2093 (l)
472 2028 531 2077 In
573 2046 712 2094 opere
732 2065 746 2087 ‚
788 2028 915 2094 quod
949 2027 1219 2077 inscribitur
1238 2025 1340 2077 Der

304 2111 541 2160 Katholik
581 2111 688 2160 und
715 2111 799 2159 der
829 2107 1138 2173 Prote-stant,
1169 2111 1218 2159 id
1252 2121 1337 2170 est,

315 2194 594 2244 Catholicus
627 2205 671 2244 et
698 2191 993 2242 Proteseans.

376 2277 447 2339 (2)
493 2276 627 2326 Uber
656 2277 734 2324 die
761 2276 972 2327 Einheit
992 2278 1048 2323 in
1077 2275 1163 2324 der
1192 2292 1339 2324 evan-

304 2357 546 2424 9elischen
582 2358 798 2417 Kirche‚
845 2376 927 2407 seu
956 2356 1027 2405 De
1060 2359 1247 2405 unitate
1280 2359 1339 2405 in

308 2440 534 2492 Ecclesia
572 2440 884 2505 evanydica,
922 2440 1088 2504 Lipsiae
1132 2436 1277 2487 1826.

378 2524 445 2588 (3)
479 2523 623 2574 Cous,
649 2524 733 2572 On
760 2523 835 2572 the
856 2531 1001 2584 state,
1035 2532 1124 2571 etc.
1156 2539 1236 2571 seu
1266 2519 1339 2570 De

307 2614 435 2655 statu
450 2607 571 2671 reliq
581 2609 707 2655 ionis
713 2607 1028 2673 protestantis
1048 2607 1105 2653 in
1126 2604 1337 2652 Germa-

309 2689 399 2737 nia
415 2725 429 2752 ,
448 2689 503 2736 R.
528 2689 685 2754 Hugh.
705 2689 861 2738 James
884 2688 1033 2750 Rose3
1065 2688 1147 2736 ubi
1178 2697 1339 2735 auctor

309 2772 417 2821 licet
451 2772 736 2838 Anglicanus
755 2811 767 2832 ‚
804 2772 1016 2838 deplorat
1046 2781 1214 2820 statum
1233 2808 1246 2831 ‚
1279 2770 1338 2819 ad

311 2873 452 2923 quem
480 2857 670 2905 demum
702 2858 913 2922 pervenit
940 2855 1339 2903 Protestantismus

314 2939 366 2985 in
397 2935 645 2985 Germania
666 2954 681 2999 3
703 2936 770 2984 ibi
793 2936 1103 2985 Protestantes
1119 2937 1338 2987 nonnulli

311 3018 597 3067 accusantS.
617 3018 816 3068 Paulum
843 3017 1118 3084 Apostolum
1151 3017 1339 3067 Judais-

311 3103 416 3160 mi,
445 3099 677 3150 Semlerus
710 3119 736 3150 e
767 3111 926 3150 contra
951 3104 1107 3167 ipsum
1139 3100 1341 3150 affirmat

312 3183 454 3231 fuisse
502 3181 777 3233 Gnosticum
800 3221 814 3244 ‚
852 3181 965 3245 alis,
1009 3194 1060 3233 ut
1100 3182 1337 3244 Ammon,

312 3265 645 3331 Wegscheider
663 3304 676 3326 ‚
694 3266 868 3316 Hensse
892 3305 905 3327 ‚
929 3277 1018 3317 etc.
1038 3285 1229 3316 omnem
1261 3285 1340 3316 su-

313 3348 657 3415 pernaturalem
699 3350 1031 3400 revelationem
1065 3361 1110 3399 et
1143 3352 1340 3415 inspira-

314 3434 491 3481 tionem
533 3430 731 3496 Spiritus
778 3431 936 3481 Sancti
987 3451 1094 3499 erga
1133 3444 1341 3482 auctores

314 3531 466 3564 sacros
498 3514 794 3580 explodunt,
833 3517 928 3563 imo
955 3513 1191 3581 Scriptura
1229 3517 1339 3564 uni·

315 3616 443 3648 versa
471 3615 569 3650 non
598 3607 665 3647 est
697 3599 786 3645 nisi
808 3598 1027 3664 quaedam
1058 3598 1340 3648 introductio

316 3681 376 3730 ad
406 3684 633 3732 rationem
676 3698 858 3746 puram.
896 3681 1012 3731 Baro
1052 3682 1113 3732 de
1141 3683 1335 3744 Starck,

1426 2045 1504 2093 op.
1523 2012 1604 2076 cit.
1622 2045 1728 2093 pag.
1741 2043 1757 2074 1
1770 2027 1856 2087 33,
1873 2044 1982 2076 cum
1999 2027 2227 2076 nonnulla
2241 2038 2450 2094 excerpta

1422 2110 1647 2159 attulisset
1678 2109 1832 2158 Cludii
1876 2110 2075 2158 doctoris
2106 2110 2270 2159 biblici
2301 2121 2346 2160 et
2375 2130 2453 2161 su-

1422 2195 1791 2260 perintendentis
1848 2197 2147 2259 protestantis
2198 2195 2413 2245 Hildesiae
2432 2233 2447 2258 ,

1423 2279 1504 2344 qui
1527 2279 1577 2324 in
1600 2279 1692 2325 suis
1704 2275 2185 2343 Apercueprimitifit
2198 2278 2264 2325 du
2281 2277 2452 2326 Chris-

1422 2361 1653 2408 tianisme
1672 2397 1686 2419 ‚
1732 2360 1846 2408 edit.
1891 2378 2015 2408 anno
2066 2357 2191 2409 1808
2213 2398 2226 2419 ‚
2267 2371 2452 2410 accusat

1423 2442 1658 2490 Christum
1718 2441 1978 2489 Dominum
2030 2441 2156 2490 velut
2208 2442 2447 2491 falsarium

1423 2541 1477 2572 ac
1516 2527 1756 2590 perjurum
1784 2525 1835 2570 in
1862 2525 2021 2571 mortis
2049 2534 2296 2589 conspectu
2316 2561 2329 2582 ‚
2367 2532 2454 2591 qui

1421 2607 1626 2673 prodidit
1659 2608 1892 2655 veritatem
1923 2605 2118 2653 solemni
2147 2608 2449 2672 jurejurando

1421 2709 1575 2740 coram
1598 2690 1624 2739 J
1631 2690 1770 2738 udaeis
1795 2727 1808 2749 ‚
1837 2700 1925 2738 etc.
1958 2689 2148 2737 demum
2168 2691 2306 2738 refert
2326 2693 2451 2756 ejus-

1422 2775 1551 2823 modi
1581 2783 1782 2822 tractum
1823 2790 1836 2821 :
1867 2771 2068 2838 D'apres
2104 2771 2356 2837 l'evanqile
2393 2772 2450 2820 de

1423 2855 1676 2905 Matthieu
1695 2894 1707 2916 ‚
1730 2854 1777 2903 la
1794 2855 2013 2903 doctrine
2037 2864 2106 2903 est
2131 2860 2323 2921 exposee
2337 2872 2450 2904 avec

1422 2939 1668 3004 beaucoup
1698 2938 1755 2985 de
1794 2937 2095 3003 supplemens
2138 2943 2381 3003 etranyers
2407 2945 2452 2985 et

1424 3022 1480 3070 de
1505 3021 1824 3085 chanqemens
1843 3039 1861 3081 ‚-
1889 3020 1927 3067 il
1955 3037 2015 3068 ne
2028 3029 2147 3086 peut
2168 3038 2267 3086 par
2282 3024 2445 3068 conse-

1423 3114 1567 3170 quent
1581 3106 1736 3153 servir
1749 3103 1806 3150 de
1821 3103 1944 3168 reqle
1960 3103 2017 3151 de
2042 3104 2136 3168 foi.
2176 3102 2450 3167 L'eoanqile

1424 3188 1481 3235 de
1505 3188 1636 3235 Jean
1665 3194 1711 3234 et
1740 3203 1812 3233 ses
1846 3185 1999 3234 lettres
2030 3204 2091 3234 ne
2123 3195 2229 3233 sont
2267 3202 2358 3251 pas
2394 3184 2450 3232 de

1424 3270 1528 3329 lui,
1557 3270 1681 3317 mais
1715 3267 1953 3332 l'ouvraqe
1985 3269 2042 3316 de
2074 3269 2274 3334 quelque
2317 3266 2445 3332 Juif.

1430 3353 1513 3400 On
1541 3369 1574 3418 y
1595 3361 1759 3400 trouve
1781 3350 2028 3417 plusieurs
2067 3351 2226 3400 choses
2263 3349 2449 3398 blamo-

1424 3434 1521 3482 bles
1549 3443 1595 3482 et
1629 3434 2052 3492 contradictoires,·
2081 3433 2128 3482 la
2156 3433 2370 3481 doctrine
2388 3446 2448 3477 en

1424 3525 1491 3566 est
1518 3517 1784 3581 quostique.
1825 3513 1959 3564 Paul
1979 3552 1994 3576 ,
2021 3515 2144 3563 (Iane
2165 3532 2236 3562 ses
2264 3515 2449 3573 lettres,

1423 3599 1506 3647 n'a
1524 3601 1670 3665 point
1699 3602 1850 3666 quiite
1885 3616 1957 3647 aes
1991 3599 2117 3662 ideec
2137 3596 2446 3665 ιῘαιίιιϊςωεες

1421 3680 1466 3729 il·
1490 3683 1721 3731 continue
1753 3682 1810 3731 de
1823 3684 1976 3732 croire
1997 3681 2029 3730 ὰ
2068 3680 2116 3729 la
2158 3679 2362 3728 divinite
2390 3678 2449 3725 de
