2554 4140
439 206 562 243 GAP.
613 205 700 243 111.
743 207 811 242 DE
855 204 1032 242 Exlsr.
1081 203 1202 245 mv.
1252 206 1322 243 AG
1366 204 1669 244 sumimur.
1718 205 1846 245 REV.

2105 184 2217 245 151

110 344 212 405 sed
249 344 499 405 defectui
530 368 730 406 eorum
752 392 768 422 ,
817 346 916 428 qui
955 341 1146 404 eidem
1185 365 1247 404 se
1286 343 1693 406 subduxerunt
1714 392 1730 423 ‚
1768 345 2219 407 adscribendum

108 462 252 500 esse.
303 440 470 513 Quod
510 462 649 501 vero
687 439 954 500 subditur
992 437 1066 497 de
1105 448 1368 497 extremo
1402 438 1675 501 humanae
1716 442 2003 503 societatis
2042 442 2170 502 loco
2200 488 2217 517 ,

107 534 167 592 id
196 526 677 616 parvipendimus
697 579 713 607 ,
760 554 892 592 cum
915 531 977 589 id
1013 551 1245 612 semper
1271 531 1720 612 intelligendum
1748 537 1822 595 sit
1854 538 1916 595 in
1946 558 2222 619 perverso

107 630 352 689 auctoris
381 626 821 710 pseudopolitici
850 646 1045 684 sensu.
1070 665 1087 673 -

189 722 327 781 359.
376 722 462 781 Ad
496 721 612 794 4¹¹¹,
659 721 935 778 Nostrum
962 740 1084 776 non
1112 729 1201 778 est
1225 719 1486 778 odiosam
1517 719 1606 779 his
1634 720 1939 783 instituere
1975 746 2219 808 compa-

102 815 420 888 rationem3
471 813 571 873 sed
602 814 823 872 interea
863 825 1088 872 certum
1126 824 1212 872 est
1236 858 1253 887 ,
1311 814 1373 871 10
1419 811 1914 896 septentrionales
1960 829 2020 877 et
2057 823 2213 900 ipsos

103 911 360 969 homines
378 929 501 968 esse
521 952 537 982 ‚
566 907 812 989 ideoque
828 917 886 966 et
904 907 1176 966 omnibus
1199 908 1639 969 infirmitatibus
1664 909 1975 985 obnoxios;
2001 912 2072 970 2⁰
2098 935 2220 974 non

107 1002 180 1062 ab
203 1013 439 1062 externa
480 1012 714 1060 tantum
739 1003 994 1083 quadam
1022 1003 1328 1084 probitatis
1368 1004 1557 1085 specie
1597 1005 1673 1064 de
1707 1027 1938 1065 morum
1985 1007 2220 1087 integri-

107 1108 224 1156 tate
250 1117 373 1156 esse
401 1096 821 1175 judicandum3
859 1097 924 1156 30
951 1099 1048 1179 qui
1093 1119 1191 1157 eas
1225 1098 1486 1178 regiones
1519 1100 1987 1181 perlustrarunt7
2027 1123 2092 1161 ea
2126 1123 2222 1161 re-

102 1191 286 1264 ferre,
336 1184 465 1272 quae
517 1213 649 1250 cum
694 1193 993 1274 supposita
1036 1192 1331 1274 probitate
1388 1194 1550 1253 nulla
1596 1196 1823 1255 ratione
1879 1196 2220 1270 cohaerent3

102 1285 169 1344 40
214 1288 459 1344 Romam
488 1299 660 1368 atque
694 1288 755 1345 in
785 1287 1010 1346 Italiam
1037 1299 1104 1346 ut
1138 1288 1460 1370 plurimum
1489 1292 1923 1373 corruptionem
1955 1290 2028 1351 ab
2065 1297 2221 1370 ejus-

101 1380 262 1438 modi
287 1381 813 1462 peregrinatoribus
839 1382 1039 1441 inferri
1067 1382 1176 1462 (1).
1216 1384 1455 1443 Utinam
1486 1385 1751 1467 plerique
1791 1407 1994 1446 omnes
2030 1408 2100 1447 ex
2129 1386 2220 1445 his

102 1474 468 1540 heterodoxis
504 1498 807 1559 nunquam
846 1477 1106 1557 regiones
1141 1489 1371 1537 nostras
1406 1479 1762 1541 inviserent!

169 1692 239 1758 (1)
278 1692 339 1741 Ut
364 1696 596 1759 specimen
625 1694 849 1743 habeatur
872 1694 1112 1760 probitatis

99 1785 142 1823 et
171 1775 360 1823 culturae
378 1776 524 1824 civilis
545 1777 974 1841 septentrionalium
997 1776 1110 1824 Pro-

98 1860 362 1905 testantium
392 1893 404 1916 ‚
439 1860 571 1922 juvat
615 1859 663 1904 in
704 1858 908 1906 medium
949 1857 1112 1906 afferre

95 1940 348 2003 fragmenta
364 1942 591 1987 statisticae
610 1941 815 1998 medicae,
831 1959 931 2007 quae
946 1941 1110 1989 D.Cas·

99 2038 180 2085 par
199 2058 213 2079 ,
242 2020 408 2069 Medic.
428 2021 597 2069 Doctcr
617 2021 924 2070 Berolinensis
939 2057 956 2083 ,
988 2023 1110 2071 evul-

97 2105 218 2166 gavit
229 2120 352 2150 anno
378 2099 523 2151 1825.
545 2103 609 2150 Ex
630 2105 701 2152 his
718 2114 841 2168 patet
859 2122 1108 2152 numerum

96 2201 281 2241 eorum,
313 2188 392 2249 qui
420 2187 469 2232 in
501 2202 548 2232 se
575 2203 740 2232 manus
768 2186 974 2234 inferunt
992 2189 1108 2244 ,sin-

95 2267 214 2332 gulis
246 2271 377 2315 aunis
407 2270 577 2332 augeri.
620 2268 691 2316 Ab
723 2286 844 2317 anno
889 2266 1014 2318 1818
1049 2270 1105 2317 ad

95 2366 273 2395 annum
309 2346 432 2396 1822
461 2361 768 2398 numerantur
799 2354 850 2398 in
881 2352 977 2400 sola
1010 2369 1106 2399 mo·

94 2431 281 2481 narchia
312 2432 584 2481 Borussiana
628 2431 759 2482 3860
798 2435 1020 2494 suicidia,
1056 2435 1102 2482 id

98 2524 167 2562 est
206 2531 233 2580 7
273 2531 357 2579 pro
388 2516 579 2579 siugulis
624 2532 834 2571 too,ooo
852 2533 874 2578 ‚⁹
906 2507 1106 2564 Berolini

95 2596 154 2643 ab
187 2614 310 2644 anuo
346 2593 469 2643 1822
511 2598 569 2644 ad
605 2596 730 2645 1823
768 2616 784 2646 1
826 2617 878 2646 ex
916 2600 1108 2662 siugulis

95 2681 320 2726 centenis.
368 2678 613 2727 Rarissima
648 2690 803 2727 autem
847 2691 956 2728 sunt
1012 2679 1110 2746 haec

97 2760 303 2824 exempla
318 2762 367 2808 in
394 2759 522 2807 ltalia
543 2775 558 2819 ;
587 2777 673 2807 nec
690 2760 803 2808 latet
824 2764 936 2808 ratio
961 2798 975 2821 ‚
1001 2765 1109 2828 quia

98 2858 152 2888 ea
184 2842 394 2889 nondum
424 2842 571 2905 attigit
596 2842 766 2905 gradus
793 2844 982 2891 culturae
1007 2843 1110 2893 Pro·

102 2925 363 2971 testantium
396 2923 839 2987 septentrionalium.
875 2925 980 2989 Legi
996 2944 1108 2988 prae-

101 3012 220 3052 terea
248 3014 461 3067 poterunt
486 3002 668 3052 Lettres
705 3022 792 3053 sur
819 3005 865 3054 la
910 3006 1074 3055 Sm'sse
1089 3043 1107 3069 ‚

102 3100 181 3146 par
215 3084 282 3133 M.
305 3085 454 3133 Raoul
484 3085 708 3135 Bochette
732 3124 745 3145 ‚
784 3087 913 3135 ‘Paris
948 3087 1106 3149 1826,

102 3167 150 3211 in
175 3165 345 3230 quibus
374 3167 711 3231 praeclarissime
736 3169 992 3218 ostenditur
1008 3188 1111 3235 prae-

100 3250 261 3295 stantia
288 3250 624 3312 provinciarum
664 3250 995 3300 catholicorum
1031 3270 1109 3301 su·

101 3347 182 3394 per
214 3338 514 3393 protestantes
533 3350 613 3380 seu
642 3333 913 3382 reformatas
938 3344 1035 3382 tum
1057 3337 1108 3382 in

102 3410 343 3461 honestate
361 3422 459 3460 tum
482 3415 532 3461 in
559 3414 858 3464 relationibus
876 3417 1073 3482 politicis
1093 3453 1106 3475 ‚

101 3494 149 3539 iu
178 3494 401 3557 personali
449 3497 596 3560 vigore
623 3512 679 3545 ac
710 3497 872 3547 robore
898 3534 912 3558 ‚
948 3500 998 3546 in
1027 3498 1111 3547 he-

103 3577 267 3623 roismo
281 3587 323 3623 et
340 3576 495 3625 indole
517 3578 705 3626 militari
725 3617 739 3640 ,
768 3583 1078 3645 paceiuterua
1098 3618 1110 3640 ,

103 3657 154 3703 in
190 3657 345 3706 indole
373 3658 562 3723 pacifica
588 3694 603 3721 ‚
630 3662 788 3723 spiritu
821 3661 1073 3710 tolerantiae
1100 3699 1111 3722 ,

1194 1695 1442 1756 fidelitate,
1469 1706 1580 1750 etc..
1614 1696 1731 1745 adeo
1768 1706 1822 1745 nt
1849 1714 1951 1745 vere
1984 1697 2076 1746 dici
2113 1716 2219 1764 pos-

1193 1776 1363 1824 sithoc
1391 1794 1506 1842 opus
1539 1786 1582 1826 et
1614 1780 2009 1842 comparationem
2047 1789 2092 1827 et
2125 1780 2221 1828 for-

1193 1858 1361 1906 malem
1374 1859 1697 1907 refutationem
1712 1861 1946 1908 continere
1962 1863 2215 1923 practicam

1193 1942 1402 1987 omnium
1430 1940 1768 1988 calumniarum
1795 1977 1809 2000 ‚
1835 1956 1938 2006 quae
1966 1943 2017 1988 in
2039 1940 2218 1990 cultum

1189 2021 1470 2069 catholicum
1524 2031 1570 2069 et
1620 2019 1952 2078 catholicorum
2009 2022 2218 2071 indolem

1190 2105 1360 2167 passim
1407 2106 1705 2151 intentantur
1739 2139 1753 2162 ‚
1801 2114 1848 2151 et
1889 2106 2163 2167 praestantiae
2201 2141 2215 2163 ‚

1188 2201 1329 2249 quam
1360 2184 1554 2249 quidam
1592 2184 1649 2232 de
1669 2184 1898 2233 industria
1930 2185 2041 2232 dare
2073 2184 2216 2234 affec-

1188 2263 1660 2314 tantProtestantibus
1677 2283 1813 2332 super
1843 2265 2123 2314 Catholicos.
2142 2265 2216 2315 Ad

1187 2345 1325 2395 Italos
1363 2349 1600 2412 speciatim
1645 2347 1773 2413 quod
1806 2349 1999 2407 attinet,
2028 2348 2220 2408 consuli.

1187 2440 1377 2493 possunt
1416 2428 1596 2477 Lettres
1634 2446 1728 2481 sur
1768 2428 1984 2488 l’Iealie,
2029 2447 2110 2495 par
2139 2429 2210 2480 M.

1188 2502 1415 2559 Pierre'de
1428 2510 1547 2559 Joux
1569 2549 1582 2572 ‚
1599 2528 1706 2577 quae
1725 2529 1850 2561 anno
1886 2508 2012 2577 1829
2030 2511 2214 2560 Parisiis

1189 2593 1372 2641 duobus
1399 2595 1699 2642 voluminbus
1727 2597 2013 2660 prodierunt.
2050 2595 2215 2642 Merito

1187 2685 1429 2739 propterea
1455 2676 1636 2724 dicebat
1663 2674 1738 2725 Cl.
1769 2676 1978 2725 Marchio
1997 2675 2214 2739 Maffejus

1187 2756 1311 2820 apud
1338 2755 1528 2804 Roberti
1558 2756 1660 2819 (La
1675 2755 1872 2821 probini
1901 2764 2008 2805 nat.
2031 2773 2077 2820 p.
2105 2754 2170 2814 2)
2192 2791 2206 2814 ,

1190 2837 1284 2884 duo
1311 2854 1359 2884 se
1395 2837 1629 2900 collegisse
1670 2855 1725 2885 ex
1757 2833 1906 2901 longis
1949 2839 2042 2884 suis
2076 2852 2209 2901 pere-

1189 2919 1528 2984 grinationibus
1549 2956 1563 2979 ,
1593 2929 1692 2967 tum
1717 2936 1884 2984 nempe
1902 2919 2046 2984 pluris
2068 2919 2219 2968 faeere

1191 3005 1385 3067 patriam
1430 3018 1565 3050 suam
1598 3038 1612 3061 ‚
1659 3012 1759 3049 tum
1815 3005 1961 3067 magis
2008 3004 2216 3050 venerari

1192 3102 1322 3132 suam
1352 3084 1637 3149 religionem.
1672 3083 1780 3132 Post
1819 3084 1918 3133 haec
1943 3086 2216 3149 superuaca-

1195 3188 1335 3218 neum
1368 3187 1527 3217 censeo
1560 3171 1611 3216 in
1635 3169 1840 3217 medium
1878 3168 2039 3217 afferre
2061 3204 2075 3226 ‚
2106 3186 2209 3234 quae

1195 3253 1252 3300 de
1283 3252 1559 3300 Parisiorum
1586 3253 1883 3316 corruptione
1902 3270 1956 3300 ex
1985 3261 2210 3314 tempore,

1190 3350 1283 3399 quo
1310 3332 1619 3381 illiciuvaluit
1644 3332 1944 3382 incredulitas
1962 3369 1976 3392 ,
2005 3332 2214 3396 produnt

1190 3415 1389 3480 publicae
1418 3413 1734 3480 ephemerides
1753 3452 1766 3475 ,
1794 3433 1846 3464 ex
1871 3415 2041 3481 quibus
2062 3418 2208 3478 patet,

1194 3500 1522 3562 supputatione
1559 3498 1680 3547 facta
1703 3534 1717 3558 ‚
1759 3515 1813 3547 ex
1851 3512 2036 3557 22,οοο
2072 3532 2086 3554 ,
2125 3497 2209 3560 qui

1195 3579 1385 3645 singulis
1406 3582 1539 3628 anuis
1562 3590 1817 3629 nascuntur
1834 3617 1846 3639 ‚
1870 3594 1999 3643 7⁰0⁰
2023 3579 2206 3642 spurios

1196 3679 1316 3723 esse,
1351 3663 1397 3710 id
1433 3673 1531 3724 est,
1555 3665 1736 3712 tertiam
1776 3663 1868 3711 fere
1891 3666 2102 3726 partem3
2136 3661 2212 3709 vix
