2554 4140
328 73 449 132 218

943 91 1013 128 mi
1058 90 1210 130 VERA
1253 91 1376 128 REI..
1426 90 1559 131 Anv.
1608 92 1815 133 HETER.

328 234 778 319 processerunt)
797 278 812 307 7
843 232 1126 308 Ecclesia,
1155 234 1434 317 inquam7
1469 237 1822 315 praescribit
1839 235 1970 318 (1)
1954 239 2064 320 ipsi
2097 241 2405 323 Scripturas
2430 287 2446 316 7

327 353 504 414 quam
547 331 798 412 ipsamet
831 329 1180 413 approbavit
1215 343 1282 390 ut
1326 331 1629 407 divinam7
1669 354 2002 442 verumque·
2033 346 2092 395 et
2127 335 2450 446 legitimum

327 426 692 488 oraculorum
721 426 1056 486 divinorum
1086 448 1326 487 sensum
1356 440 1613 488 assecuta
1644 440 1766 502 est7
1795 440 1926 488 tum
1949 430 2079 492 viva
2110 429 2248 492 voce
2271 433 2451 514 ipsius

327 523 578 597 Christi
613 534 743 582 tum
776 544 886 604 ope
918 522 1130 583 divinae
1154 524 1462 606 peculiaris
1489 524 1885 584 adsistentiae·
1871 527 2042 608 7ipsa
2071 525 2301 587 divinas
2326 539 2452 586 tra—

328 619 579 680 ditiones
597 618 937 679 immediate
957 641 989 679 a
1008 619 1131 679 Deo
1153 621 1374 702 accepit
1392 666 1408 695 7
1445 631 1509 679 ut
1533 641 1628 679 eas
1651 619 1902 680 fideliter
1929 620 2247 681 custodiret
2269 643 2453 704 usque

328 715 404 776 ad
429 714 639 775 mundi
659 716 900 776 exitum.

409 812 510 870 23.
561 812 751 871 Toties
781 809 1032 893 proinde
1054 809 1279 888 objecta
1301 810 1506 892 petitio
1529 811 1802 894 principii
1825 857 1841 886 7
1883 834 1985 871 seu
2015 812 2259 872 circulus
2286 813 2453 873 vitio-

328 930 424 968 sus
447 953 463 982 7
514 929 630 989 quo
660 911 830 986 juxta
870 909 1266 966 protestantes
1306 905 1553 966 Ecclesia
1595 907 1879 989 probatur
1914 931 2018 991 per
2048 909 2411 991 Scripturam
2434 956 2449 983 7

328 1004 627 1086 Scriptura
662 1025 802 1064 vero
834 1023 940 1084 per
976 1000 1285 1061 Ecclesiam
1308 1045 1324 1075 7
1362 1023 1485 1060 non
1528 1002 1716 1061 solum
1754 1003 1946 1064 locum
1972 1003 2206 1064 nullum
2237 1003 2418 1065 habet
2442 1050 2458 1079 7

327 1099 426 1161 vel
460 1098 679 1158 habere
708 1108 905 1180 potest
925 1142 940 1171 7
987 1095 1091 1156 sed
1117 1118 1358 1178 prorsus
1395 1095 1469 1155 ab
1497 1096 1626 1179 ipsa
1660 1107 1869 1158 natura
1906 1100 1991 1160 rei
2019 1112 2080 1160 et
2110 1101 2275 1160 factis
2311 1101 2453 1182 ipsis

329 1193 694 1268 excluditur3
740 1192 986 1253 Ecclesia
1019 1193 1179 1252 enim
1212 1193 1450 1252 admisit
1479 1205 1538 1253 et
1563 1192 1911 1275 approbavit
1946 1196 2099 1277 ipsas
2131 1198 2455 1276 Scripturas

330 1290 590 1372 (nempe
611 1289 763 1352 Novi
781 1288 1036 1350 Foederis
1051 1287 1096 1370 >7
1116 1311 1261 1373 quas
1281 1289 1429 1350 vidit
1445 1291 1745 1350 continere
1761 1311 1826 1349 ea
1842 1291 1965 1372 ipsa
1981 1335 1998 1366 7
2025 1313 2156 1373 quae
2178 1313 2210 1350 a
2226 1292 2456 1352 Christo

329 1397 631 1468 acceperat
653 1431 668 1460 7
706 1397 769 1446 et
787 1385 1114 1445 conformes
1138 1383 1419 1446 doctrinae
1448 1408 1626 1468 quam
1650 1385 2051 1468 profitebatur.
2080 1387 2229 1447 Nam
2259 1388 2456 1470 Serip—

329 1495 476 1542 turae
512 1504 634 1541 non
662 1493 801 1540 sunt
835 1482 947 1540 nisi
987 1483 1381 1541 instrumenta
1403 1527 1420 1554 7
1465 1482 1527 1540 in
1562 1504 1688 1564 quae
1733 1482 1913 1542 relata
1952 1484 2119 1543 novit
2154 1494 2280 1544 acta
2317 1504 2456 1566 pro-

330 1579 473 1661 priae
494 1579 866 1660 possessionis
886 1577 1124 1640 velutin
1148 1576 1411 1659 publicas
1427 1577 1655 1637 tabulas
1674 1625 1689 1654 7
1720 1600 1847 1660 quae
1875 1589 2060 1638 totam
2089 1579 2210 1640 vim
2236 1579 2459 1639 habent

331 1674 406 1733 ad
443 1673 816 1756 probandum
856 1695 927 1734 ex
963 1674 1202 1756 proprio
1246 1696 1350 1732 suo
1386 1674 1755 1750 testimonio7
1796 1687 1855 1735 et
1895 1676 1957 1733 in
1995 1674 2206 1757 quibus
2244 1676 2460 1758 scripto

330 1771 683 1850 consignatae
724 1781 863 1830 sunt
899 1771 1301 1852 praerogativae
1343 1769 1452 1828 sibi
1487 1792 1519 1829 a
1563 1770 1793 1830 Christo
1835 1771 2094 1848 collatae,
2142 1783 2203 1832 et
2245 1771 2458 1854 quibus

323 1871 449 1945 jam
467 1866 765 1942 utebatur7
792 1878 1111 1948 antequam
1126 1865 1246 1926 haec
1261 1865 1679 1941 scriberentur7
1698 1867 2090 1950 probarentur
2109 1880 2284 1950 atque
2298 1866 2459 1929 evul-

331 1975 630 2043 garentur-
663 1965 815 2023 Nam
848 1962 1098 2023 Ecclesia
1131 1968 1258 2042 jam
1297 1962 1557 2023 habebat
1591 1986 1757 2023 suam
1782 1965 2122 2025 missionem
2152 1965 2416 2026 divinam
2439 2009 2455 2039 7

332 2082 505 2119 suum
526 2061 788 2140 regimen
810 2106 826 2136 7
865 2082 1032 2119 suam
1057 2059 1537 2120 infallibilitatem
1562 2071 1621 2120 et
1649 2063 2088 2136 auctoritatem;
2118 2064 2321 2121 Petrus
2334 2065 2461 2140 jam

333 2168 455 2216 erat
470 2158 790 2216 instructus
802 2163 933 2236 jure
948 2157 1235 2238 primatus
1259 2203 1274 2230 7
1303 2178 1367 2215 ac
1386 2158 1563 2215 ceteri
1581 2157 1840 2239 Apostoli
1857 2158 1966 2239 ipsi
1981 2155 2457 2235 subjiciebantur,

334 2266 648 2335 antequam
675 2252 985 2333 Evangelia
1019 2252 1173 2312 edita
1202 2265 1395 2313 essent
1426 2253 1545 2332 (2),
1587 2274 1722 2311 eum
1752 2265 1949 2312 autem
1983 2252 2189 2312 eadem
2228 2273 2460 2334 semper

402 2460 472 2525 (l)
511 2460 645 2509 Hanc
668 2476 827 2508 vocem
852 2475 1131 2522 usurpamus
1162 2474 1215 2506 eo
1245 2472 1352 2505 sen-

333 2563 416 2607 su,
463 2561 556 2610 quo
596 2561 697 2592 eam
738 2551 960 2607 perpetuo
996 2540 1209 2589 adhibuit
1241 2539 1353 2589 Ter-

333 2628 558 2677 tullianus
574 2662 590 2688 ,
622 2628 672 2674 in
700 2624 790 2675 lib.
810 2621 1353 2690 Deproescriptionibus

332 2710 664 2759 haereticorum
685 2745 697 2768 7
720 2725 807 2756 nec
821 2725 917 2755 non
931 2706 981 2754 S.
1003 2706 1232 2766 1renaeus,
1254 2704 1355 2752 alii-

334 2812 427 2861 que
454 2793 624 2841 Patres.

402 2877 470 2938 (2)
508 2876 622 2924 Fere
649 2891 811 2923 omnes
838 2873 1009 2922 eruditi
1042 2874 1129 2919 viri
1160 2887 1355 2919 consen-

335 2962 489 3018 tium,
513 2961 632 3006 intra
652 2975 735 3006 vni
759 2975 814 3006 ae
830 2977 856 3006 x
874 2973 1052 3005 annum
1069 2965 1167 3020 post
1183 2953 1356 3002 Christi

335 3043 387 3089 in
422 3042 590 3090 coelum
626 3041 977 3089 adscensionem
1002 3037 1053 3087 S.
1087 3037 1356 3086 Matthaeum

336 3125 587 3190 Evangelio
613 3123 949 3173 conscribendo
970 3140 1165 3172 manum
1187 3121 1353 3169 admo-

336 3211 456 3258 visse
480 3211 531 3256 in
552 3210 740 3272 gratiam
757 3207 1059 3256 Hebraeorum
1078 3243 1091 3265 7
1114 3206 1195 3271 qui
1210 3204 1357 3252 chris-

336 3295 473 3341 tianae
503 3288 711 3355 religioni
743 3308 916 3339 nomen
952 3291 1204 3348 dederant,
1244 3298 1356 3337 teste

339 3375 541 3423 Eusebio
563 3411 576 3434 7
602 3370 736 3420 Hist.
755 3371 917 3421 eccles.
943 3373 1031 3420 lib.
1058 3387 1113 3420 111
1144 3409 1157 3430 ‚
1187 3388 1231 3419 c.
1268 3367 1352 3433 24.

341 3459 432 3506 Alii
453 3495 466 3518 7
505 3459 625 3505 inter
660 3472 775 3521 quos
799 3453 979 3502 Millius
1000 3492 1011 3514 ‚
1039 3457 1090 3502 in
1121 3452 1259 3502 Prol.
1292 3453 1357 3500 ad

342 3540 412 3589 N.
458 3540 545 3598 T.7
576 3538 801 3588 differunt
834 3538 892 3585 ad
920 3537 1249 3603 subsequentes
1271 3554 1358 3584 an-

343 3641 426 3672 nos
455 3623 812 3688 publicationem
853 3618 1089 3683 Evangelii
1116 3619 1321 3668 Matthaei
1344 3655 1356 3679 7

1440 2447 1587 2493 innixi
1625 2447 1915 2510 potissimum
1957 2447 2221 2493 auctoritati
2267 2444 2459 2504 lrenaei,

1442 2531 1544 2595 qui,
1565 2527 1645 2577 lib.
1660 2542 1733 2587 111,
1755 2526 1894 2575 Cone.
1914 2526 2081 2575 haeres,
2104 2527 2157 2574 F.
2183 2544 2218 2587 ι,
2238 2529 2461 2592 seriptum

1442 2612 1582 2659 tradit
1623 2631 1648 2660 a
1696 2611 1913 2659 Matthaeo
1958 2610 2265 2674 Evangelium
2292 2648 2305 2669 7
2352 2627 2462 2657 cum

1444 2698 1623 2746 Petrus
1651 2704 1697 2744 et
1725 2694 1918 2743 Paulus
1951 2693 2339 2759 evanqelizarent
2373 2693 2463 2741 Ro·

1444 2799 1563 2843 mae,
1599 2789 1642 2828 et
1671 2779 1943 2845 fundarent
1976 2778 2248 2827 Ecclesiam
2280 2796 2298 2838 ‚·
2333 2777 2460 2843 quod

1444 2867 1634 2930 contigit
1668 2864 1814 2912 multo
1850 2872 1965 2928 post.
2000 2861 2091 2910 Sed
2125 2860 2359 2927 quidquid
2402 2860 2460 2907 de

1445 2950 1534 2997 hoc
1562 2950 1649 3009 sit,
1676 2947 1803 3014 quod
1826 2947 1925 2995 aliis
1953 2943 2297 2993 discutiendum
2322 2941 2465 2991 relin-

1444 3034 1666 3099 quimus,
1699 3040 1878 3079 certum
1907 3039 1974 3077 est
2008 3046 2062 3077 ex
2090 3028 2194 3077 Aet.
2223 3025 2383 3090 Apost.
2411 3041 2426 3072 1
2448 3061 2461 3084 ,

1453 3112 1535 3179 15,
1561 3131 1630 3176 ιι,
1670 3111 1731 3178 ι4
1750 3121 1796 3161 et
1822 3129 1952 3178 seqq.
1979 3129 2055 3168 rx,
2081 3110 2145 3160 33
2165 3148 2178 3170 ‚
2204 3108 2255 3157 S.
2276 3107 2462 3156 Petrum

1445 3201 1544 3265 jam
1571 3211 1782 3247 exercere
1802 3198 1990 3260 coepisse
2014 3194 2226 3242 traditam
2261 3190 2350 3239 sibi
2386 3190 2462 3237 di·-

1443 3284 1616 3330 vinitus
1640 3281 1957 3328 auctoritatem
1984 3279 2001 3335 (
2023 3276 2186 3324 Matth.
2231 3289 2310 3321 ΧΠ
2327 3309 2341 3332 ,
2371 3268 2426 3321 ι8
2447 3308 2460 3329 ,

1443 3363 1553 3414 coll.
1582 3362 1718 3411 Joan.
1751 3377 1863 3420 xxi,
1900 3358 1959 3409 15
1979 3370 2025 3407 et
2050 3376 2181 3424 seqq.
2200 3358 2235 3420 ).
2256 3356 2461 3416 Evange-

1443 3447 1561 3494 lium
1589 3453 1744 3492 autem
1773 3442 1951 3491 editum
1993 3459 2090 3489 non
2120 3440 2206 3487 fuit
2233 3456 2258 3486 a
2279 3435 2461 3484 Joanne

1445 3530 1534 3578 nisi
1566 3537 1668 3592 post
1688 3526 1810 3574 Petri
1835 3535 2030 3574 mortem
2061 3522 2293 3587 Ephesum
2310 3535 2335 3566 e
2355 3517 2462 3565 Pat-

1448 3628 1547 3660 mos
1587 3609 1768 3669 insula,
1811 3608 2078 3657 Domitiano
2120 3605 2318 3654 extincto
2342 3638 2355 3660 7
2389 3617 2461 3648 re-
