2554 4140
2097 168 2174 228 71

438 190 561 229 Gar.
609 187 698 225 111.
746 187 814 223 lm
856 186 986 224 ΠΟΤ.
1028 184 1148 224 mv.
1194 183 1266 225 AC
1310 186 1612 228 SUPERNAT.
1662 187 1791 228 BEV.

60 331 286 411 judiciis
310 331 585 390 immunis
605 374 620 404 ‚
652 349 772 388 non
798 323 1046 404 amplius
1067 343 1188 405 prae
1217 345 1280 383 se
1308 325 1510 386 tulerit
1547 328 1823 388 miracula
1855 329 2012 389 inter
2040 350 2173 389 suos

69 425 339 508 patrata?

152 520 287 579 186.
334 520 402 577 20
436 518 554 578 Cur
581 510 893 596 provinciae
923 510 1101 583 Asiae,
1142 507 1346 569 Africae
1387 520 1446 569 et
1481 514 1712 574 Graeciae
1735 560 1752 589 ,
1792 516 1927 577 licet
1959 517 2021 575 in
2059 516 2176 576 im-

70 636 340 674 mensum
383 613 600 671 distent
645 629 678 665 a
715 603 1030 663 liberaliori
1076 603 1173 662 illa
1216 603 1583 665 humanitate
1619 628 1684 666 ac
1727 609 1923 686 cultu,
1959 613 2023 670 in
2063 634 2177 693 quo

71 720 236 768 erant
291 702 646 787 temporibus
697 697 1101 779 Apostolorum
1146 709 1203 757 et
1254 699 1527 780 Cypriani
1553 745 1569 771 ,
1615 700 1918 779 Augustini
1948 750 1965 778 .‚
2018 707 2179 765 Basi—

70 803 168 879 lii,
210 813 321 862 etc.
342 845 360 875 ‚
397 808 654 857 attamen
688 816 810 853 non
844 792 1094 875 amplius
1139 792 1203 852 in
1248 793 1510 854 medium
1560 794 1808 854 afferant
1857 797 2133 859 miracula
2158 846 2176 876 ,
2209 813 2214 816 '

69 907 243 980 prout
263 894 400 954 olim
436 888 800 950 afferebant?
1512 948 1515 950 ,

154 989 286 1050 187.
334 987 399 1046 3⁰
439 987 555 1044 Cur
585 986 739 1043 inter
778 981 1034 1044 diversas
1080 980 1382 1062 religiones
1407 1029 1423 1058 ,
1466 1005 1592 1064 quae
1631 983 2030 1043 Christianum
2067 1007 2179 1045 no—

70 1107 204 1147 men
225 1082 333 1144 sibi
360 1092 698 1155 assumunt,
741 1079 861 1139 sola
884 1076 1089 1158 religio
1121 1078 1399 1139 catholica
1429 1102 1662 1162 semper
1695 1079 1975 1140 miracula
2013 1081 2182 1142 exhi-

68 1180 234 1254 beat,
286 1199 416 1260 quae
463 1177 528 1235 in
563 1177 696 1235 sinu
748 1197 851 1233 suo
898 1185 1242 1256 patrentur,
1289 1186 1348 1234 et
1390 1171 1581 1234 adhuc
1625 1176 1689 1234 in
1730 1176 2177 1257 praesentiarum

67 1273 349 1357 producat
370 1267 393 1347 ,Α
424 1272 562 1331 licet
591 1269 872 1330 Catholici
898 1290 1089 1350 neque
1112 1269 1360 1329 scientiis
1382 1292 1574 1352 neque
1599 1270 1808 1330 litteris
1838 1281 1939 1330 aut
1961 1270 2183 1332 artibus

68 1371 270 1431 ceteris
298 1369 596 1428 inferiores
635 1368 784 1440 sint,
823 1377 881 1425 et
907 1363 1043 1424 licet
1073 1364 1354 1435 catholica
1382 1366 1627 1427 Ecclesia
1654 1388 1778 1427 non
1806 1365 2181 1449 pronuntiet,

67 1487 166 1525 seu
205 1465 503 1524 decretum
532 1461 764 1521 emittat
804 1459 877 1519 de
915 1459 1111 1541 aliquo
1144 1461 1425 1520 miraculo
1445 1507 1461 1537 ,
1501 1463 1644 1544 quin
1694 1463 1856 1545 prius
1896 1462 2176 1542 rigidissi-
2220 1506 2229 1514 -

68 1581 234 1619 mum
268 1557 657 1639 undequaque
683 1575 931 1615 examen
966 1566 1097 1614 tum
1130 1556 1276 1615 circa
1310 1556 1528 1616 factum
1563 1568 1692 1617 tum
1732 1557 1881 1618 circa
1917 1559 2041 1637 ejus
2073 1579 2183 1618 na-

69 1666 259 1715 turam
294 1652 610 1712 instituerit
645 1650 777 1731 (l)?

143 1856 204 1921 (l)
243 1857 305 1906 Ut
333 1857 437 1921 quis
478 1856 641 1903 certior
683 1855 762 1902 fiat
786 1853 844 1901 de
873 1855 1086 1902 severiori

76 1938 301 2004 ejusmodi
315 1938 528 1984 examine
543 1936 734 1984 decretis
744 1935 1084 1999 praemittendo,

77 2020 196 2084 legat
219 2018 567 2067 celeberrimum
592 2034 706 2082 opus
732 2016 970 2064 Benedicti
987 2033 1084 2075 xiv,

79 2099 159 2148 De
185 2099 550 2163 Beatificatione
578 2105 624 2145 et
653 2097 893 2145 Canoniz.
927 2095 1085 2143 Sano-

77 2190 248 2239 torum,
285 2181 547 2245 praesertim.
570 2179 657 2227 lib.
682 2195 748 2226 iv.
776 2178 836 2227 Ut
857 2176 956 2225 leve
969 2166 1086 2242 Spe-

77 2265 229 2311 cimen
247 2262 476 2310 habeatur
493 2276 684 2308 summae
702 2261 971 2318 severitatis,
992 2275 1084 2324 qua

78 2344 302 2392 miracula
319 2343 479 2391 Romae
506 2342 829 2408 expenduntur
851 2379 863 2400 ‚
885 2343 1085 2405 pretium

78 2443 224 2491 operae
253 2429 369 2487 erit,
405 2426 498 2475 duo
529 2426 647 2473 facta
681 2426 731 2471 iu
761 2423 970 2471 medium
1002 2422 1086 2470 ad-

79 2511 246 2560 ducere
266 2548 279 2570 ,
308 2528 413 2577 quae
445 2512 629 2560 valeant
648 2525 835 2557 omnem
867 2509 1088 2571 suspicio-

78 2612 183 2643 nem
199 2613 426 2644 amovere.
446 2594 653 2643 Alterum
668 2592 862 2641 refertur
875 2591 934 2640 ab
963 2590 1088 2639 Auc-

81 2686 176 2724 tore
191 2679 294 2724 vitae
325 2675 371 2724 S.
388 2676 620 2724 Vincentii
638 2693 663 2722 a
677 2673 820 2722 Paulo
842 2671 1089 2734 (Histoire

79 2757 269 2822 abreqee
302 2757 359 2805 de
383 2757 438 2806 S.
475 2755 532 2804 V
528 2759 693 2804 incant
712 2754 770 2802 de
804 2752 967 2816 Paul,
990 2746 1104 2819 par*

81 2840 166 2887 M.
201 2835 364 2887 Collet.
400 2837 492 2887 Dr.
535 2854 595 2885 en
640 2834 924 2901 Theologie‚
963 2834 1089 2882 Am·-

80 2936 210 2982 9non
224 2955 241 2981 ‚
279 2917 403 2984 1762
422 2920 436 2980 )
463 2920 520 2968 de
536 2918 736 2984 quodam
763 2917 990 2965 miraculo
1008 2934 1087 2980 pa-

85 3008 200 3047 trato
244 3018 270 3048 a
312 3000 360 3048 S.
420 3000 664 3048 Vincentio
716 3016 819 3063 erga
874 2998 1087 3045 Aloisiam

85 3079 395 3130 Elisabetham
411 3082 652 3140 Sackville‚
670 3083 854 3128 natione
873 3077 1087 3144 Anglam‚

86 3179 186 3226 quae
218 3164 267 3209 in
291 3162 434 3211 Gallia
454 3163 577 3227 apud
606 3163 734 3228 Haye
761 3161 1009 3227 quemdam
1036 3176 1092 3208 ex

87 3244 438 3306 protestantibus
464 3245 723 3294 reformatis
748 3242 955 3306 degebat.
991 3241 1092 3289 Hoc

90 3325 366 3372 miraculum
392 3326 508 3375 adeo
536 3327 722 3375 evidens
744 3327 892 3374 visum
908 3333 976 3372 est
989 3340 1093 3388 pro-

89 3408 271 3453 testanti
315 3409 400 3470 ipsi
421 3443 433 3465 ‚
471 3417 522 3455 ut
553 3407 673 3455 illud
705 3407 980 3469 evulgaverit
1011 3422 1091 3470 per

1172 1853 1447 1904 dubitaverit
1464 1855 1765 1922 chirographo
1783 1894 1797 1914 ‚
1828 1875 1972 1906 manu
1999 1860 2183 1925 propria

1173 1946 1354 1984 exarato
1374 1973 1387 1997 ‚
1418 1946 1644 2003 tanquam
1675 1940 1800 1986 testis
1836 1939 2017 1987 oculata
2043 1942 2187 1989 mira—

1170 2018 1264 2065 culi
1310 2020 1599 2066 Zinstantanei
1638 2029 1683 2066 et
1717 2022 2028 2083 permanentis
2067 2020 2186 2070 illud

1169 2099 1459 2147 confirmare.
1494 2099 1621 2147 Illud
1656 2110 1824 2157 tamen*
1845 2118 1973 2150 sacra
2007 2104 2187 2151 rituum

1171 2183 1461 2244 congregatio
1494 2198 1592 2229 non
1617 2181 1801 2230 admisit
1832 2182 2016 2230 defectu
2051 2183 2184 2231 suffi-

1170 2265 1392 2311 cientium
1411 2263 1732 2328 probationum
1749 2264 1823 2329 (p.
1835 2261 1934 2312 605
1949 2274 1994 2313 et
2009 2264 2182 2330 seqq.)-

1170 2343 1313 2392 Aliud
1340 2345 1533 2394 refertur
1561 2363 1588 2394 a
1616 2346 1671 2394 P.
1701 2344 1982 2395 Daubenton
2011 2348 2063 2395 in
2091 2348 2183 2395 vita

1169 2423 1221 2474 S.
1255 2425 1396 2475 Joan.
1434 2426 1667 2475 Francisci
1702 2426 1839 2492 Regis
1881 2427 1985 2490 (La
2018 2428 2095 2475 vie
2119 2425 2187 2475 du

1170 2506 1496 2555 hienheureux
1557 2496 1956 2572 Jean-'Franpois
2006 2508 2149 2572 Reqis
2168 2543 2184 2570 ,

1162 2605 1263 2654 par
1276 2587 1317 2635 le
1334 2590 1405 2637 R.
1427 2592 1495 2637 P.
1518 2587 1816 2637 Daubenton
1830 2626 1844 2650 ‚
1863 2586 1993 2637 Paris
2015 2587 2181 2653 1716).

1173 2669 1369 2718 Romam
1392 2680 1576 2718 venerat
1599 2672 1871 2735 conspicuus
1892 2670 2067 2734 Anglus
2082 2686 2186 2734 pro·
2252 2723 2257 2726 ,

1171 2761 1365 2799 testans.
1386 2751 1605 2799 Praelatus
1622 2751 1814 2816 quidem
1831 2767 2049 2798 romanus
2064 2786 2078 2809 ‚
2102 2750 2184 2816 qui

1173 2849 1281 2881 cum
1313 2832 1476 2881 eodem
1511 2834 1761 2880 amicitiam
1789 2834 1955 2879 inierat
1971 2868 1985 2892 ,
2012 2829 2083 2879 illi
2110 2840 2183 2879 ta-

1174 2914 1307 2962 bulas
1325 2944 1356 2972 ‚-
1371 2930 1472 2979 quae
1492 2913 1698 2977 plurium
1718 2913 2044 2961 miraculorum
2072 2929 2180 2977 pro-

1174 2996 1381 3044 bationes
1396 2995 1689 3044 continebant
1701 3030 1716 3058 ,
1736 2995 1947 3060 legendas
1965 2994 2175 3059 praebuit.

1177 3077 1269 3126 Has
1297 3081 1396 3143 ipse
1414 3094 1560 3143 quum
1588 3094 1768 3125 summa
1789 3078 1941 3124 animi‘
1952 3076 2184 3140 voluptate

1175 3160 1381 3225 legisset,
1401 3158 1587 3207 Praelato
1600 3158 1797 3206 reddidit
1812 3158 1971 3206 dicens
1990 3173 2005 3205 ε
2034 3154 2091 3203 V
2086 3154 2183 3204 oilla

1174 3244 1515 3289 certet-imment
1539 3240 1586 3288 la
1609 3239 1725 3305 plus
1752 3239 1867 3294 scire
1891 3238 2102 3286 muniere
2125 3236 2184 3283 de

1166 3340 1376 3389 prouver
1409 3322 1474 3371 les
1515 3320 1750 3370 miracles.
1791 3319 1854 3368 Si
1885 3327 1988 3367 tous
2023 3334 2145 3366 ceux
2165 3353 2181 3377 ,

1173 3422 1262 3470 que
1287 3404 1382 3452 l’on
1411 3405 1555 3468 repoit
1574 3402 1697 3450 dans
1721 3399 1921 3465 I'E'qlise
1947 3398 2183 3447 Romaim

87 3496 227 3534 totam
244 3486 474 3536 Lutetiam
497 3487 787 3536 Parisiorum.
809 3486 920 3553 Ejus
937 3497 1090 3535 autem
1174 3489 1350 3534 etaient
1379 3485 1545 3534 &tablis
1588 3501 1675 3532 sur
1708 3483 1788 3531 des
1821 3497 2019 3548 preuves
2051 3480 2188 3528 aussi

91 3586 278 3616 uxorem
296 3573 358 3618 ita
378 3571 617 3618 admiratio
642 3571 868 3634 perculit,
904 3580 954 3617 ut
968 3579 1091 3618 extra
1177 3569 1410 3616 evidentes
1452 3575 1498 3616 et
1536 3567 1672 3614 aussi
1716 3563 2044 3627 «tumentique,
2095 3577 2186 3625 que

94 3666 254 3699 sensus
299 3652 530 3717 paulisper
573 3653 821 3713 manserit,
867 3651 974 3701 dein
1004 3667 1102 3700 non
1184 3648 1712 3712 ceux-cildsont,nous
1735 3645 1982 3695 n’awriom
1999 3657 2187 3692 aucune
