2554 4140
315 134 393 193 88

983 150 1069 186 DE·
1097 148 1250 186 VERA
1295 149 1418 185 REI..

1469 147 1604 188 ADV.
1651 149 1805 187 men.

315 309 517 358 noster
563 295 742 355 etiam
774 291 923 351 illud
963 291 1123 374 quod
1173 292 1385 372 legitur
1413 292 1625 352 Matth.
1666 293 1893 368 XXIII,
1938 294 2037 354 35.
2083 298 2272 370 Quam
2308 296 2462 358 bene

317 393 439 452 haec
480 389 780 451 cohaerent
824 386 944 468 (1)!
997 387 1165 448 Addo
1211 410 1224 446 :
1273 387 1485 448 saltem
1534 389 1645 447 ista
1689 389 1967 450 vaticinia
2004 403 2139 473 post
2179 405 2463 453 eventum

317 487 567 547 conficta
596 484 885 545 deberent
924 505 1048 544 esse
1074 483 1226 543 clara
1272 505 1337 543 ac
1377 483 1620 544 definita
1641 530 1656 559 ,
1702 505 1805 543 cur
1838 485 2013 565 igitur
2055 485 2219 546 nulla
2253 509 2378 548 esse
2402 486 2465 546 id

314 603 497 663 genus
525 581 759 642 oracula
796 581 1163 645 adversarius
1198 592 1400 641 noster
1437 580 1797 642 affirmavit?
1836 580 2146 642 Mendaces
2180 581 2289 641 sibi
2319 604 2465 643 con-

314 692 471 740 stare
502 703 627 741 non
655 693 923 764 possunt.
2275 667 2279 672 ’

396 779 539 839 217.
587 777 678 859 Ad
717 778 839 854 5¹1²,
895 780 1056 838 Dist.
1105 778 1173 836 In
1221 797 1397 836 sensu
1443 787 1503 836 et
1538 778 1833 838 sententia
1876 778 2232 855 adversarii,
2270 801 2434 839 conc.
2446 804 2466 847 ,·
2525 807 2530 817 ·

315 875 507 956 reipsa
528 920 545 950 ‚
587 896 721 955 neq.
756 873 1024 933 Profecto
1060 871 1370 932 commoda
1396 871 1489 933 via
1526 885 1615 932 est
1643 873 1719 932 ad
1755 873 2169 934 declinandam
2201 875 2325 936 vim
2361 897 2468 937 va-

316 970 653 1030 ticiniorum
678 1016 695 1045 .,
720 971 767 1030 si
800 990 932 1051 quae
958 969 1078 1028 sint
1100 967 1401 1028 luculenta
1423 978 1484 1027 et
1502 967 1897 1030 ineluctabilia
1918 1016 1933 1045 7
1972 972 2148 1051 gratis
2175 971 2469 1032 affirmare

318 1088 387 1128 ea
440 1077 576 1149 post
616 1075 899 1126 eventum
939 1065 1186 1124 conficta
1242 1084 1401 1137 esse3
1455 1063 1524 1121 iis
1561 1074 1799 1139 autem,
1845 1086 1973 1147 quae
2018 1065 2176 1126 eludi
2224 1068 2470 1126 minime

319 1173 600 1245 possunt,
641 1161 921 1242 affingere
959 1159 1142 1219 alium
1174 1169 1235 1218 et
1283 1158 1587 1241 privatum
1624 1180 1893 1234 sensum,
1943 1163 2304 1221 contrarium
2342 1162 2467 1237 illi,

321 1278 502 1340 quem
529 1256 678 1319 sacri
713 1257 1025 1339 scriptores
1055 1265 1420 1339 aperuerunt
1441 1300 1458 1331 ‚
1505 1276 1572 1314 ac
1608 1253 1884 1337 deinceps
1922 1256 2217 1318 affirmare
2253 1279 2320 1318 ea
2364 1257 2471 1318 de-

392 1507 466 1574 (l)
501 1508 691 1558 Praestat
738 1517 785 1558 et
829 1509 909 1556 hic
951 1524 1129 1556 novum
1174 1519 1358 1554 sumere

323 1595 560 1658 specimen
605 1594 886 1641 innocentiae
935 1601 1076 1657 atque
1104 1590 1358 1638 honestatis

267 1675 273 1680 ’
327 1675 722 1723 rationalistarum
785 1691 1044 1739 eorumque
1084 1673 1358 1739 eruditionis

325 1758 540 1819 biblicae,
576 1776 715 1824 quam
734 1760 785 1806 in
804 1760 869 1806 eis
900 1756 1048 1822 aliqui
1081 1746 1357 1821 suspiciunt.

325 1840 456 1889 Inter
476 1843 692 1890 vaticinia
718 1840 916 1888 conficta
931 1838 1262 1904 Wegscheider
1284 1855 1357 1886 re-

327 1924 417 1972 fert
447 1921 571 1973 Gen.
604 1940 776 1987 xxxlx3
806 1933 850 1971 at
881 1923 973 1971 hoc
1001 1932 1143 1988 caput
1169 1921 1356 1970 nullum

327 2006 519 2056 exhibet
545 2005 824 2055 vaticinium
843 2043 858 2067 ,
893 2005 973 2054 sed
991 2005 1264 2053 historicum
1284 2013 1357 2052 to·

325 2099 431 2137 tum
458 2099 524 2137 est
551 2089 608 2137 de
634 2099 809 2138 tentata
846 2105 1015 2153 nempe
1044 2087 1235 2152 Josephi
1262 2104 1357 2135 cas-

327 2172 479 2220 titate.
500 2170 603 2236 Quo
622 2189 728 2220 vero
750 2171 1060 2219 fundamento
1079 2172 1354 2219 inanimum

327 2254 570 2302 induxerit
599 2270 737 2302 suum
764 2253 1131 2317 Wegscheider‚
1166 2253 1357 2301 totidem

329 2354 428 2386 esse
455 2337 653 2385 conficta
682 2338 903 2384 vaticinia
939 2353 991 2384 ea
1013 2374 1026 2394 ,
1067 2354 1168 2402 quae
1193 2336 1359 2402 praedi-

328 2429 443 2467 cunt
481 2418 690 2468 futuram
730 2420 1098 2483 superioritatem
1157 2420 1362 2468 hebraici

329 2501 491 2568 populi
524 2520 663 2568 super
704 2501 937 2549 Idumaeos
976 2502 1061 2564 (ut
1087 2500 1207 2552 Gen.
1236 2522 1357 2564 xxv,

332 2585 578 2649 23-xxvu‚
612 2601 707 2652 273
739 2585 885 2648 xxlx)
923 2586 1061 2650 plane
1091 2588 1269 2651 ignoro.
1303 2586 1358 2634 Id

330 2671 485 2734 ipsum
525 2669 707 2716 dicatur
748 2668 806 2717 de
834 2670 1212 2733 interpretatione
1237 2687 1361 2718 som-

329 2755 520 2821 niorum
560 2751 889 2801 eunuchorum
931 2751 1185 2801 Pharaonis
1216 2771 1242 2802 a
1276 2753 1362 2803 Jo-

332 2837 450 2901 seph
482 2838 534 2885 in
565 2853 748 2885 carcere
783 2836 905 2884 facta
930 2835 946 2899 (
971 2833 1094 2884 Gen.
1119 2835 1205 2900 xl.)
1235 2846 1281 2885 et
1305 2835 1363 2887 de

330 2920 359 2970 J
362 2920 498 2969 acobi
516 2922 731 2968 morituri
745 2919 1156 2968 benedictionibus
1182 2922 1233 2974 in
1246 2921 1364 2969 filios

333 3005 429 3068 (ib.
453 3019 557 3051 xux
576 3002 615 3065 ).
648 3001 799 3067 Quare
821 3012 957 3050 tantae
978 3000 1150 3050 fraudis
1173 3021 1270 3051 non
1291 3005 1365 3051 in-

331 3088 505 3136 dicavit
550 3095 763 3149 tempus,
805 3094 1014 3132 auctores
1038 3119 1052 3144 ‚
1104 3083 1363 3150 adjuncta?

331 3171 426 3222 Sed
446 3172 687 3219 veniamus
711 3168 769 3217 ad
794 3167 915 3217 Dan.
949 3185 1010 3217 vu
1045 3179 1090 3217 et
1121 3186 1254 3235 seqq.
1285 3187 1362 3218 us-

335 3271 429 3320 que
460 3252 519 3301 ad
549 3268 650 3315 ¹¹¹3
677 3251 960 3316 Porphyrius
991 3250 1127 3316 longe
1155 3261 1264 3300 ante
1290 3269 1363 3299 ra-

334 3334 590 3386 tionalistas
634 3353 660 3383 a
720 3333 923 3401 quodam
972 3334 1213 3400 Epiphane
1260 3336 1362 3383 haec

332 3423 481 3486 capita
498 3422 549 3468 in
563 3419 590 3467 J
595 3419 747 3477 udaea‚
766 3428 894 3467 aetate
910 3416 1146 3478 Antiochi,
1163 3420 1359 3467 conficta

328 3505 608 3553 autumavit.
639 3502 702 3558 At
731 3511 895 3567 praeter
927 3500 1196 3550 Judaeorum
1218 3501 1357 3550 tradi-

329 3588 509 3634 tionem
527 3622 541 3647 ,
577 3587 628 3633 in
657 3601 860 3650 quorum
899 3584 1117 3633 manibus
1137 3585 1359 3634 volumen

332 3667 544 3719 Danielis
586 3676 684 3717 erat
700 3704 717 3731 ‚
764 3666 1058 3734 desperatum
1114 3667 1357 3734 Porphyrii

1442 1505 1707 1570 perfugium
1743 1495 1930 1571 prorsus
1958 1509 2122 1556 evertit
2158 1508 2472 1556 testimonium

1441 1584 1542 1635 Jos.
1578 1586 1763 1646 Flavii,
1807 1590 1888 1655 qui
1932 1589 1949 1652 (
1972 1587 2215 1638 Archaeol.
2254 1590 2339 1636 lib.
2391 1606 2469 1649 xi,

1443 1684 1487 1715 c.
1518 1669 1647 1731 ult.)
1676 1670 1815 1718 refert
1841 1668 2104 1719 Alexandro
2134 1671 2202 1719 M.
2236 1670 2469 1736 Jerosoly-

1443 1769 1571 1800 mam
1589 1752 1861 1802 adventanti
1875 1771 1900 1802 a
1922 1755 2238 1803 sacerdotibus
2254 1755 2474 1803 volumen

1435 1833 1653 1884 Danielis
1691 1837 1953 1885 exhibitum
1990 1838 2166 1898 fuisse,
2220 1855 2275 1886 ac
2317 1836 2474 1885 locum

1442 1917 1579 1967 illum
1604 1930 1840 1968 ostensum
1878 1921 1975 1984 (est
1991 1931 2148 1970 autem
2186 1938 2288 1987 cap.
2321 1920 2473 1982 vm),

1442 2002 1492 2048 in
1536 2020 1630 2068 quo
1667 2020 1826 2069 regem
1859 2003 2105 2053 Persarum
2138 2004 2372 2053 devictum
2419 2005 2474 2051 iri

1443 2104 1470 2134 a
1504 2104 1607 2150 rege
1651 2085 1927 2136 Graecorum
1975 2088 2330 2153 praedicebatur.
2371 2094 2478 2135 Δει-

1443 2164 1647 2228 χθεῖσης
1686 2165 1740 2215 δὲ
1787 2170 1908 2234 αὐτᾷ
1941 2175 2020 2217 τοῦ
2051 2166 2272 2223 Δανιήλου
2312 2165 2475 2228 βίβλου

1448 2251 1484 2305 ἐν
1514 2247 1542 2318 ᾖ
1574 2270 1672 2298 τινα
1716 2255 1797 2298 vaf»
1838 2248 2053 2305 Ἑλλήνων
2088 2248 2363 2300 xaeroezv'o-en
2397 2248 2474 2305 τήν

1445 2337 1621 2398 nepo-&v
1667 2330 1810 2399 ᾆρχῆν
1859 2330 2054 2396 ἐθέλον,
2110 2331 2295 2396 νομίσας
2343 2330 2476 2387 adv-35

1452 2410 1557 2462 εἶναι
1600 2416 1620 2463 o‘
1654 2414 2010 2480 σημαινὸμενος,
2052 2415 2155 2465 π’·τε
2204 2412 2284 2479 μὲν
2332 2413 2476 2471 ἡσθεὶς

1447 2495 1650 2548 οἶφε-ἔλυσε
1677 2496 1733 2548 τὲ
1756 2505 1940 2555 πλῆθος·
1966 2505 2026 2568 τῇ
2046 2497 2100 2548 δὲ
2132 2499 2311 2563 ἐπιούσῃ
2339 2521 2478 2565 προσ·-

1449 2583 1792 2645 καιλεσ-οἱμενος,
1833 2582 2039 2632 ἐκέλευε-ε
2069 2579 2228 2637 audrade
2256 2584 2476 2633 αἰτεῖσθαι

1449 2661 1619 2730 δωρεάς
1633 2661 1690 2718 0⁸25
1710 2662 1761 2715 οἷν
1782 2663 1907 2715 av'ro}
1929 2664 2104 2715 θέλωσι
2122 2705 2136 2729 ,
2159 2678 2247 2716 etc.
2269 2686 2318 2732 p.
2344 2663 2434 2715 581
2457 2701 2473 2726 ,

1446 2756 1563 2796 tom.
1594 2766 1611 2796 1
1633 2787 1645 2810 ‚
1675 2767 1753 2815 op.
1794 2750 1906 2799 edit.
1957 2749 2245 2815 Havercamp
2270 2787 2284 2810 ,
2322 2748 2474 2797 Amst.

1457 2828 1604 2898 1726.
1637 2831 1744 2881 Jam
1767 2851 1874 2883 vero
1899 2832 2159 2882 Alexander
2191 2832 2477 2880 Antiochum

1448 2920 1679 2982 praecessit
1717 2920 1851 2966 annis
1897 2917 2145 2983 plusquam
2194 2913 2287 2965 150
2321 2933 2336 2980 3
2377 2917 2477 2964 fieri

1450 3003 1643 3067 proinde
1681 3019 1777 3050 non
1808 3004 1988 3067 potuit,
2022 3011 2073 3049 ut
2119 3000 2241 3049 liber
2268 2999 2477 3049 Danielis

1451 3087 1717 3150 suppositus
1754 3085 1926 3146 fuerit,
1956 3085 2028 3133 vel
2062 3093 2214 3132 assuta
2250 3085 2477 3132 recensita

1449 3172 1598 3235 capita
1645 3180 1853 3235 tempore
1888 3166 2150 3230 {Antiochh
2188 3167 2266 3215 Sic
2303 3170 2478 3216 corruit

1451 3253 1734 3319 Porphyrius
1753 3264 1796 3302 et
1811 3250 2147 3318 Wegscheider
2166 3290 2179 3313 ‚
2212 3254 2294 3318 qui
2313 3252 2475 3300 eadem

1448 3354 1698 3403 recoquere
1730 3336 1885 3384 audet.
1933 3335 2217 3384 Consulatur
2252 3344 2469 3400 praeterea

1445 3420 1548 3466 Die
1582 3418 1832 3466 authentie
1873 3419 1954 3466 des
1995 3416 2217 3478 Daniel,
2252 3426 2339 3464 etc.
2375 3414 2468 3464 Seu

1445 3501 1718 3549 Anthentia
1740 3500 1964 3550 Danielis
1996 3502 2317 3549 demonstrata
2336 3538 2351 3558 ,
2376 3509 2465 3547 etc.

1444 3604 1526 3651 per
1544 3584 1681 3633 Ernst
1696 3582 1928 3635 Wilhelm
1946 3582 2310 3650 Hengstemberg
2335 3617 2350 3643 ‚
2384 3581 2469 3630 Be·-

1443 3669 1579 3718 rolini
1605 3665 1726 3717 1831
1753 3707 1766 3730 ‚
1798 3666 1923 3717 in-8.
