2554 4140
410 185 533 226 GAP.
584 187 665 224 IV.
714 187 783 223 DE
826 185 1002 223 EXIST.
1052 184 1175 224 mv.
1222 186 1293 224 Ac
1330 177 1635 223 sumimur.
1686 182 1817 223 REV.
2055 159 2170 221 143

44 330 151 412 qui
194 339 282 387 est
339 329 627 387 societatis
681 327 1004 410 pernicieS,
1051 336 1111 383 et
1153 324 1471 405 quamdam
1514 337 1819 385 externam
1861 323 2172 384 mollitiem

47 425 246 483 fovere
261 445 325 482 ac
343 422 649 505 probitatis
669 422 921 504 speciem
942 465 958 494 ,
981 441 1103 477 non
1129 439 1270 479 vero
1295 417 1653 499 probitatem
1680 423 1869 504 ipsam
1896 442 1960 480 ac
1986 419 2175 480 bonos

45 540 237 577 mores
269 530 329 577 et
368 518 615 577 virtutes
635 563 650 591 ,
687 536 818 598 quae
851 536 972 573 non
1009 513 1121 571 nisi
1150 535 1182 571 a
1212 511 1334 570 sola
1366 511 1645 593 religione
1680 517 2014 597 promoveri
2035 538 2174 598 pos-

50 625 187 672 sunt
212 624 272 672 et
307 613 637 672 conservari
671 611 786 692 (l).

134 709 276 768 342.
326 707 415 768 Ad
452 710 566 779 4¹1¹,
603 707 761 765 Dist.
807 701 1268 761 Immoderatum
1303 711 1364 761 et
1404 701 1690 780 injustum
1717 703 1910 763 foenus
1937 751 1954 778 ,
1988 728 2175 774 conc„-

45 804 415 864 moderatum
450 813 509 861 et
538 801 710 879 justis
748 798 932 857 titulis
975 798 1458 871 cohonestatum,
1501 819 1629 878 neq.
1681 799 1956 858 Recentia
2001 822 2178 882 porro

48 911 188 958 sunt
203 916 477 980 responsa
499 941 514 970 ,
543 916 674 976 quae
691 893 768 954 ad
784 894 1017 955 diversa
1034 893 1271 975 quaesita
1286 893 1432 952 circa
1446 888 1676 951 lucrum
1692 914 1763 952 ex
1782 903 1988 953 mutuo
2012 895 2176 956 dedit

47 1016 206 1054 sacra
240 991 618 1072 congregatio
645 993 907 1050 Romana
940 993 1039 1069 (et
1077 990 1223 1048 circa
1249 989 1440 1049 foenus
1467 987 1713 1048 Ecclesia
1745 988 1955 1048 tolerat
1981 990 2172 1050 varias

43 1090 378 1172 >opinionem
418 1097 484 1145 ut
526 1095 756 1146 constat
790 1108 862 1146 ex
899 1086 1069 1144 editis
1101 1084 1346 1164 libris),
1386 1106 1457 1144 ex
1490 1082 1700 1166 quibus
1736 1094 1930 1167 patet,
1967 1084 2181 1145 adver-

47 1185 261 1243 sarium
278 1182 491 1242 falsum
508 1203 838 1264 supponere
857 1227 872 1256 ,
906 1181 1050 1240 dum
1080 1180 1345 1240 absolute
1369 1181 1723 1261 pronunciat
1743 1226 1759 1255 ,
1790 1180 2182 1263 quodcunque

45 1279 361 1338 honestum
394 1277 622 1337 lucrum
649 1298 721 1336 ex
762 1285 1097 1351 contractu,
1139 1276 1239 1358 qui
1279 1276 1496 1358 passim
1529 1275 1719 1335 mutui
1761 1285 2037 1354 vocatur,
2078 1275 2182 1337 sed

46 1375 232 1456 reipsa
261 1389 382 1431 non
414 1384 532 1448 est,
564 1371 637 1431 ab
668 1371 911 1431 Ecclesia
942 1370 1221 1430 catholica
1251 1371 1521 1431 damnari
1549 1370 1638 1451 (2)
1663 1396 1679 1445 ε,
1715 1371 1960 1431 interest
1983 1383 2184 1432 autem

50 1468 311 1528 Ecclesiae
354 1485 477 1527 non
521 1468 716 1525 minus
758 1484 937 1547 quam
974 1467 1263 1525 societatis
1303 1488 1368 1526 ea
1410 1466 1635 1526 foenora
1683 1465 1990 1543 damnari,
2049 1487 2179 1550 quae

49 1574 382 1644 repugnant
409 1562 647 1640 justitiae
678 1556 738 1621 et
766 1561 1075 1636 charitati,
1120 1583 1191 1619 ex
1231 1561 1442 1643 quibus
1483 1561 1728 1620 exitium
1770 1561 2064 1621 enascitur
2094 1573 2184 1622 tot

49 1657 402 1716 familiarum
429 1659 634 1716 e‘orum
663 1655 921 1737 ingluvie
950 1667 1010 1716 et
1052 1658 1368 1738 rapacitate
1391 1703 1406 1730 ,
1442 1679 1586 1739 quos
1626 1668 1795 1737 urget
1821 1663 1977 1720 auri
2005 1678 2184 1718 sacra

45 1756 262 1833 samaa.

134 1848 251 1907 343
262 1895 274 1908 .
299 1850 440 1907 Inst.
462 1849 678 1930 prim0,
695 1869 830 1907 cum
847 1847 1054 1907 eodem
1066 1859 1297 1913 auctore
1313 1847 1554 1930 aliisque
1571 1849 1908 1924 increduliS,
1929 1849 2029 1931 qui
2045 1871 2183 1910 eum

51 1956 469 2025 praecesserunt
499 1967 513 2002 z
550 1945 611 2002 10
637 1944 1114 2003 Christianismus
1136 1943 1391 2002 hominis
1419 1955 1686 2003 mentem
1715 1943 2024 2027 deprimit,
2061 1950 2183 2023 ejus

53 2040 342 2100 rationem
354 2039 658 2099 confundit
674 2085 689 2112 ,
714 2038 946 2099 vincula
962 2039 1146 2117 injicit
1164 2043 1283 2118 ejus
1302 2037 1570 2121 pedibus.
1594 2041 1721 2112 Quo
1736 2039 1912 2119 igitur
1926 2039 2047 2098 abit
2061 2044 2184 2118 ejus

54 2134 341 2194 libertas?
375 2136 445 2193 2⁰
480 2134 841 2193 Christianus
876 2145 963 2193 est
999 2134 1183 2196 veluti
1223 2135 1489 2217 captivus
1527 2135 1616 2193 sui
1656 2134 1844 2194 cultus
1870 2180 1886 2209 ,
1921 2131 2026 2217 'qui
2063 2157 2186 2194 non

55 2229 245 2289 tendit
272 2231 384 2289 nisi
407 2230 483 2289 ad
504 2231 807 2290 hominem
824 2241 856 2290 a
872 2243 1026 2290 terra
1052 2230 1427 2292 evellendum
1450 2278 1465 2306 ,
1495 2253 1679 2313 quam
1704 2231 1943 2292 exhibet
1967 2253 2072 2292 ceu
2097 2231 2187 2290 la-

55 2346 385 2406 crymarum
404 2325 634 2386 vallem.
662 2327 727 2386 3⁰
747 2328 925 2386 Verus
943 2326 1410 2387 Christianorum
1428 2339 1597 2410 pater
1612 2340 1702 2388 est
1720 2330 1892 2388 Pater
1908 2328 2183 2402 coelestis3

58 2442 237 2502 quem
260 2432 326 2480 ut
355 2422 525 2482 adeat
551 2469 566 2496 ,
595 2442 739 2505 opus
759 2435 847 2483 est
866 2423 1200 2506 relinquere
1225 2435 1457 2506 patrem
1479 2435 1849 2506 matremque
1862 2435 2185 2499 terrenam,

58 2537 124 2576 ac
163 2509 352 2577 dicere
390 2515 665 2578 fratribus
711 2519 825 2578 suis
866 2544 882 2579 ε
921 2519 1063 2579 Non
1103 2526 1244 2580 novi
1281 2541 1395 2579 vos.
1439 2519 1505 2578 4⁰
1551 2522 1687 2579 Non
1726 2531 1815 2580 est
1851 2521 1965 2579 nisi
2000 2540 2187 2578 unum

58 2630 263 2673 verum
292 2634 538 2695 regnum
558 2661 573 2689 ,
614 2605 761 2675 illud
786 2636 1033 2698 nempe,
1062 2615 1221 2698 quod
1243 2634 1363 2675 non
1387 2626 1475 2676 est
1502 2615 1674 2695 hujus
1696 2615 1941 2690 mundi,
1970 2616 2189 2676 divitiae

61 2707 136 2767 ad
162 2709 310 2769 illud
328 2728 451 2770 non
481 2710 655 2771 modo
686 2734 809 2771 non
838 2713 1108 2793 aperiunt
1133 2711 1392 2784 aditum,
1418 2711 1522 2772 sed
1556 2712 1903 2787 occludunt,
1928 2712 2185 2770 lacrimae

62 2814 337 2866 sternunt
393 2808 550 2868 viam
573 2853 588 2882 ,
647 2808 1021 2888 aegritudines
1076 2820 1411 2890 praeparant
1432 2853 1447 2882 ,
1505 2807 1842 2889 simplicitas
1885 2805 2182 2888 perducit.

67 2898 132 2955 50
156 2902 361 2961 Omnis
385 2902 639 2961 humana
667 2903 930 2962 doctrina
959 2905 1248 2965 evanescit
1274 2903 1366 2963 vel
1399 2903 1778 2962 confunditur
1800 2900 1873 2961 ab
1902 2901 2189 2980 ejusmodi

69 2993 317 3075 placitis.
357 2998 423 3055 60
454 2997 627 3056 Nullo
665 3021 786 3057 non
829 3010 1095 3081 tempore
1125 2998 1422 3078 vigilantia
1459 2999 1523 3057 in
1566 3000 1822 3081 seipsum
1861 2997 2188 3057 Christiano

66 3089 423 3171 injungitur,
480 3092 841 3155 adversarius
887 3095 1034 3154 circa
1082 3095 1277 3176 ipsum
1319 3093 1567 3154 excubat
1611 3116 1870 3178 eumque
1913 3093 2186 3168 obsedit,

69 3206 225 3244 mors
259 3208 490 3270 semper
518 3201 734 3271 praesto
761 3202 849 3250 est
882 3189 957 3250 ad
986 3211 1123 3250 eum
1149 3189 1584 3268 invadendum5
1625 3191 1824 3251 oculus
1860 3189 2188 3252 divinitatis

135 3501 206 3562 (1)
245 3498 386 3549 Cons.
417 3499 553 3548 Card.
574 3499 726 3549 Gcrdil
744 3539 757 3559 ,
785 3498 1008 3549 Discours
1030 3500 1087 3547 de
1161 3499 1383 3564 filosofico
1400 3510 1443 3550 et
1464 3500 1692 3551 Discorso
1708 3503 1938 3551 cristiano
1953 3500 2031 3550 sul
2044 3501 2187 3552 lusso-

74 3581 122 3630 la
147 3592 320 3632 nature
350 3591 394 3630 et
432 3581 510 3629 des
546 3582 673 3648 effets
696 3582 762 3630 du
786 3582 924 3642 lusce,
956 3583 1082 3631 Edit.
1239 3582 1306 3647 (2)
1342 3582 1480 3632 Cons.
1512 3586 1796 3633 Deci-*iones
1818 3584 1874 3633 S.
1902 3583 2188 3649 Conqreqae.

75 3664 214 3715 Rom.
230 3683 340 3731 opp.
358 3676 467 3715 tom.
493 3680 578 3714 vm
598 3665 815 3730 3Roberti
833 3701 849 3727 ‚
880 3665 1087 3731 Dialoqo
1171 3663 1656 3716 Rom.etuniversalis
1673 3667 1904 3732 Inquisit.
1924 3666 1981 3719 de
2003 3664 2188 3717 Usum.
