2554 4140
683 172 834 208 paor.
884 172 939 211 v.
984 170 1054 210 nr.
1095 171 1246 209 EGCI..
1295 170 1523 211 ennon
2044 148 2163 207 253

156 310 287 370 106.
334 310 652 395 Concilium
688 323 996 394 propterea
1023 309 1419 391 Aquileiense,
1463 311 1619 393 quod
1658 333 1812 370 anno
1859 310 1973 370 381
2015 311 2167 370 cele-

69 403 303 464 bratum
324 405 434 464 fuit
452 451 468 480 ,
492 407 696 488 cuique
720 407 951 488 praefuit
974 407 1030 464 S.
1050 402 1382 463 Ambrosius
1402 450 1418 479 .,
1444 405 1566 464 haec
1588 405 1765 465 habet
1786 450 1802 479 ‚
1830 397 2074 486 loquens
2095 404 2169 464 de

71 499 276 559 eadem
310 502 568 559 Romana
604 501 751 560 Sede
782 523 794 557 :
833 501 985 559 Inde
1016 503 1178 557 enim
1204 509 1259 555 et
1290 503 1360 556 in
1393 519 1590 558 omnes
1625 501 1973 559 venerandae
2007 521 2169 559 com-

71 598 380 653 munionis
387 601 551 673 jura
583 597 908 653 dimanant
933 593 1041 671 (1).
1069 592 1222 649 Hinc
1249 590 1473 650 celebre
1495 592 1643 651 illud
1672 599 1720 671 ej
1730 594 1932 654 usdem
1954 597 2011 654 S.
2030 597 2170 654 Am-

68 688 247 748 brosii
274 688 492 748 dictum
532 711 545 747 :
589 689 706 750 Ubi
742 689 959 747 Petrus
999 688 1095 746 ihi
1126 688 1392 745 Ecclesia
1430 684 1547 766 (2).
1793 670 1805 685 ’

157 783 290 842 107.
339 785 395 842 S.
426 783 809 861 Hieronymus
852 791 1150 862 comparat-
1205 779 1515 839 Ecclesiam
1558 802 1658 840 seu
1702 782 1913 841 Sedem
1955 786 2170 842 Roma-

73 901 211 938 nam
237 898 378 938 arcae
412 881 570 951 Noe,
601 888 764 936 extra
806 898 984 957 quam
1017 898 1219 935 omnes
1256 877 1559 958 perierunt
1583 922 1600 950 .,
1643 886 1702 935 et
1741 876 1973 953 domui,
2011 890 2172 937 extra

74 995 249 1054 quam
274 994 488 1052 agnum
527 969 836 1032 comedens
866 971 1140 1052 profanus
1174 982 1294 1044 θεῖς
1327 971 1405 1030 sic
1447 972 1603 1029 enim
1639 970 1836 1030 scribit
1865 971 1939 1029 ad
1962 974 2175 1031 Dama-

71 1089 200 1125 sum
225 1089 238 1123 ε
264 1072 392 1145 qu
406 1066 789 1123 Beatituclini
803 1076 947 1134 tuce,
969 1067 1041 1123 id
1060 1076 1170 1134 est,
1204 1066 1508 1125 Cathedroe
1534 1067 1736 1135 Petri,
1758 1070 2175 1125 communione

72 1163 396 1228 consocior,
427 1181 609 1238 super
634 1162 807 1218 illam
827 1171 1067 1239 petram
1090 1161 1450 1239 oedificatam
1479 1161 1813 1220 Ecclesiam
1844 1166 1980 1219 scio.
2027 1161 2178 1239 Qui-

67 1276 302 1332 cunque
338 1264 503 1313 extra
530 1255 686 1312 lianc
720 1256 966 1313 domum
990 1277 1223 1335 aynum
1258 1256 1599 1325 comederit,
1625 1259 1934 1334 profanus
1975 1265 2076 1313 est.
2107 1256 2179 1312 Si

70 1355 204 1428 quis
232 1356 300 1408 in
326 1349 454 1408 Noe
483 1371 627 1409 arca
657 1372 775 1408 non
796 1353 1018 1428 fuerit,
1038 1353 1271 1429 peribit
1294 1362 1577 1430 reynante
1605 1352 1830 1410 diluvio
1856 1350 1967 1429 (3)

158 1446 291 1504 108.
338 1446 397 1503 S.
431 1447 678 1526 Optatus
719 1445 1089 1505 Milevitanus
1132 1468 1145 1502 :
1186 1447 1514 1514 Cathedra,
1557 1445 1747 1526 inquit
1775 1491 1792 1518 .,
1836 1450 2024 1503 unica
2060 1455 2174 1513 est,

73 1562 206 1620 quoe
246 1551 331 1599 est
354 1544 569 1619 prima
605 1542 674 1598 de
709 1541 1030 1599 dotibus....
1067 1541 1234 1598 Sedit
1250 1544 1437 1620 prior
1478 1541 1725 1610 Petrus,
1769 1545 1876 1599 cui
1909 1541 2185 1599 successit

76 1637 299 1702 Linus,
346 1635 500 1693 Lino
554 1634 816 1693 Clemens
834 1682 850 1704 ,
906 1634 1198 1694 Clementi
1243 1635 1651 1694 Anacletus....
1695 1636 1963 1694 Damaso
2005 1635 2182 1714 Syri-

76 1737 229 1798 cius‚
267 1732 379 1808 qui
397 1739 591 1787 noster
617 1741 699 1788 est
725 1734 915 1788 socius
936 1776 953 1798 ,
979 1751 1118 1788 cum
1142 1750 1255 1808 quo
1291 1731 1459 1788 nobis
1481 1740 1632 1787 totus
1655 1731 1816 1788 orbis
1839 1733 2183 1788 commercio

67 1829 479 1902 formatarum
512 1828 578 1882 in
607 1847 733 1883 una
765 1828 1202 1884 communionis
1244 1825 1510 1883 societate
1535 1824 1652 1903 (4).

162 1919 295 1978 109.
340 1921 396 1978 S.
435 1920 787 1998 Augustinus
838 1922 902 1977 in
945 1918 1152 1978 eodem
1204 1939 1379 1978 sensu
1420 1918 1664 2000 loquens
1710 1917 1782 1977 de
1825 1919 2185 1978 successione

78 2016 470 2073 Romanorum
489 2015 834 2074 Pontificum
850 2035 914 2072 ac
929 2014 1088 2073 Petri
1105 2013 1240 2073 sede
1255 2059 1271 2087 ,
1296 2025 1363 2072 ut
1387 2012 1770 2073 confunderet
1793 2012 2185 2072 schismaticos

79 2110 407 2167 Donatistas
425 2155 440 2183 ‚
483 2109 678 2168 scribit
711 2132 724 2167 ε
765 2109 911 2188 Ipsa
945 2120 1029 2168 est
1042 2119 1249 2189 petra,
1276 2130 1464 2188 quam
1489 2129 1610 2167 non
1639 2112 1892 2167 vincunt
1919 2110 2185 2188 superbie

79 2202 415 2283 inferorum
447 2216 640 2284 portae
667 2204 778 2283 (5)

166 2298 302 2357 110.
336 2297 394 2357 S.
418 2301 618 2358 Petrus
644 2298 1023 2378 Chrysologus
1047 2320 1060 2356 t
1090 2300 1390 2378 Quoniam
1406 2300 1478 2359 B.
1495 2299 1735 2368 Petrus,
1757 2299 1972 2380 inquit,
1990 2302 2100 2378 qui
2121 2304 2190 2357 in

71 2398 330 2472 propria
357 2395 483 2452 sede
499 2396 649 2452 vivit
668 2404 722 2451 et
732 2395 1049 2472 prce-sidet,
1067 2404 1319 2473 praestat
1338 2395 1743 2472 quaerentihus
1764 2397 2067 2453 veritatem
2079 2393 2188 2473 (6).

167 2488 299 2546 111.
345 2489 491 2547 Huic
515 2489 883 2547 consentiens
914 2487 1192 2548 doctrinae
1223 2488 1543 2548 Concilium
1561 2489 1985 2548 oecumenicum
2012 2488 2192 2548 Chal-

83 2581 429 2659 cedonense‚
449 2584 676 2643 actione
701 2585 776 2658 11,
796 2583 1099 2644 clamavit:
1120 2585 1340 2642 Petrus
1352 2605 1463 2662 per
1481 2589 1723 2641 Leonem
1742 2585 1969 2643 locutus
1987 2583 2190 2663 est(7);

86 2689 145 2737 et
166 2678 431 2738 similiter
458 2681 632 2738 Cone.
667 2677 932 2757 generale
957 2679 1030 2736 VI
1052 2722 1067 2752 ,
1094 2679 1318 2737 actione
1335 2678 1519 2735 XVIII
1538 2722 1554 2752 ,
1583 2676 1828 2757 loquens
1851 2677 1923 2736 de
1952 2676 2195 2758 epistola

61 2959 64 2962 ι
161 2894 225 2956 (1)
244 2895 433 2944 Collect.
457 2893 850 2954 Concil.Labbei‚
874 2895 1006 2958 epist.
1030 2882 1112 2956 1¹¹‚'
1174 2900 1412 2959 potestas,
1458 2900 1522 2940 tot
1566 2893 1623 2939 in
1666 2890 1899 2941 Ecclesiis
1935 2892 2200 2958 efficientur

92 2974 148 3022 ad
179 2959 447 3025 Gretianum
485 2975 818 3039 Imperatorem
839 3012 852 3034 ‚
887 2986 1003 3024 tom.
1034 2991 1068 3022 11
1088 3009 1100 3032 ‚
1181 2973 1438 3021 schismata
1461 3009 1475 3036 ,
1504 2981 1616 3036 quot
1645 2972 1923 3020 sacerdotes.

92 3055 180 3103 col.
212 3072 330 3123 999.
1248 3055 1319 3121 (h)
1356 3056 1458 3104 Lib.
1494 3072 1560 3116 n,
1603 3055 1783 3103 Contra
1812 3052 2043 3105 Parmen.
2079 3058 2192 3107 edit.

159 3136 226 3200 (2)
263 3136 318 3184 ln
343 3137 463 3186 Psal.
490 3154 563 3198 xm,
592 3155 643 3186 n.
677 3137 762 3187 30.
1184 3137 1326 3186 Gabr.
1344 3137 1646 3201 Albaspinaei‚
1672 3138 1813 3191 Paris,
1849 3135 1991 3187 1651.

162 3217 234 3285 (3)
272 3219 416 3284 Epist.
455 3218 541 3279 15,
569 3220 629 3268 ad
650 3219 836 3268 Damas.
862 3220 971 3269 alias
1001 3217 1063 3286 57
1085 3258 1099 3282 ‚
1257 3219 1319 3283 (ὅ)
1358 3220 1412 3267 In
1445 3219 1643 3268 Psalmo
1673 3229 1838 3269 contra
1872 3229 2063 3286 partem
2092 3219 2200 3269 Do-

89 3301 175 3349 dit.
217 3301 462 3362 vallarsii,
497 3321 544 3350 n.
574 3319 601 3349 2
627 3340 639 3362 ‚
676 3306 757 3369 qui
787 3314 998 3367 praeterea
1036 3307 1088 3352 in
1187 3303 1326 3370 ‘'²⁰²²‘ae
1361 3304 1482 3351 circa
1511 3302 1651 3351 finem
1675 3340 1688 3363 ‚
1732 3312 1845 3352 tom.
1880 3320 1953 3363 nx,
1988 3298 2097 3367 opp.
2174 3345 2177 3347 .

93 3379 235 3429 Dial.
263 3382 375 3431 adv.
405 3381 570 3446 Lucis.
596 3402 642 3431 n.
675 3399 709 3449 9
731 3399 747 3432 z
775 3383 1007 3432 Ecclesia?
1032 3400 1107 3432 sa·
1225 3383 1288 3446 (6)
1306 3382 1438 3431 Bibl.
1455 3383 1662 3431 Patrum
1679 3383 1808 3433 Dela
1824 3384 1986 3451 Bigne.
2006 3390 2196 3431 tom.1x.

94 3462 198 3523 las,
222 3465 374 3528 inquit
398 3501 410 3522 ‚
444 3465 500 3510 in
513 3465 694 3511 summi
708 3465 969 3512 sacerdotis
993 3464 1105 3528 diq-
1227 3467 1292 3531 (7)
1309 3464 1435 3515 Acta
1491 3466 1703 3515 Concilii
1750 3466 2150 3516 Chalcedonensis
2186 3502 2199 3524 ‚

95 3547 245 3594 nitate
258 3547 435 3612 pendet
453 3583 468 3607 ‚
497 3548 581 3595 cui
610 3547 653 3594 si
675 3563 772 3595 non
807 3564 966 3597 easors
978 3565 1106 3613 quoe-
1194 3557 1308 3597 tom.
1336 3564 1409 3607 xv,
1436 3547 1541 3597 edit.
1570 3547 1762 3597 Labbei.

93 3627 205 3674 dam
252 3637 293 3676 et
326 3629 386 3677 ab
428 3627 649 3677 omnibus
704 3629 919 3678 eminens
970 3629 1107 3678 detur
