2554 4140
291 132 374 191 42
953 150 1023 186 nn
1067 149 1217 189 vana
1261 150 1386 189 nm„
1438 153 1570 190 ων.
1618 153 1770 192 moa.

289 296 437 355 saica
480 307 539 355 et
588 291 900 353 christiana
953 293 1315 352 arbitrariae
1370 293 1443 354 ab
1495 296 1633 378 ipsis
1682 310 2099 379 nuncupentur
2166 303 2383 384 passim
2412 350 2426 377 ‚

291 406 352 454 et
386 415 455 453 ex
489 413 554 452 ea
589 399 758 471 parte
781 435 797 464 ,
847 411 960 471 qua
991 390 1336 451 miraculosa
1372 392 1521 452 facta
1567 392 1660 454 vel
1700 395 2065 457 narrationes
2101 398 2385 461 exhibent
2417 446 2433 475 ,

291 487 711 569 mytholoyicoe
742 497 1049 547 vocentur.

377 581 514 640 106.
561 582 642 640 Ex
698 580 986 660 ejusmodi
1023 582 1326 665 principiis
1363 582 1528 644 facile
1566 595 1653 644 est
1696 584 2070 666 dignoscere,
2123 588 2316 649 nullas
2358 588 2433 650 ab

289 677 380 736 his
422 675 756 736 auctoribus
798 698 967 753 veras
1011 699 1076 737 ac
1116 679 1354 761 proprie
1402 678 1583 739 dictas
1623 692 1793 741 notas
1841 684 2072 762 agnosci
2107 684 2184 743 ad
2222 705 2431 767 super-

289 772 623 834 naturalem
661 773 928 835 divinam
984 773 1407 835 revelationem
1453 776 1896 837 secernendam.
1943 779 2094 839 Cum
2136 801 2276 843 vere
2322 779 2435 840 hoc

291 881 545 950 systema
586 869 700 928 sibi
735 870 1097 952 sumpserint
1131 869 1331 930 biblici
1375 873 1689 951 germanici
1722 885 2115 957 protestantes
2143 921 2160 951 ‚
2200 877 2268 936 fit
2292 920 2311 954 ‚
2367 886 2437 936 ut

291 964 477 1027 veluti
514 966 702 1047 mythi
741 965 816 1026 ab
859 967 997 1049 ipsis
1026 964 1413 1026 traducantur
1456 977 1517 1027 et
1568 973 1738 1047 juxta
1781 981 2004 1031 naturae
2032 971 2187 1052 leges
2219 971 2438 1054 passim

290 1061 661 1145 explicentur
701 1062 980 1124 miracula
1022 1063 1219 1122 omnia
1242 1109 1258 1138 7
1296 1073 1362 1121 ut
1404 1084 1511 1123 suo
1551 1062 1677 1124 loco
1723 1065 1967 1147 prolatis
2008 1067 2294 1150 exemplis
2347 1089 2439 1126 os·

290 1157 630 1217 tendemuS.
1603 1231 1609 1239 ι

379 1254 516 1314 107.
559 1255 640 1313 Ut
660 1253 944 1333 ejusmodi
968 1253 1243 1334 ambages
1270 1265 1447 1336 atque
1471 1254 1841 1336 impietatem
1869 1255 2204 1335 ainciamus
2225 1303 2241 1334 .,
2271 1280 2433 1319 rem—

294 1369 410 1431 que
465 1360 654 1409 totam
704 1373 736 1409 a
789 1351 905 1410 suis
957 1350 1262 1433 principiis
1322 1349 1698 1410 exordiamur
1724 1394 1742 1426 ‚
1806 1350 2234 1412 declarabimus
2293 1353 2439 1436 quid

294 1447 594 1504 miraculi
604 1457 664 1506 et
683 1448 1020 1527 prophetice
1037 1447 1280 1506 nomine
1301 1445 1696 1527 intelligamus
1718 1493 1734 1523 ‚
1766 1459 1833 1506 ut
1849 1447 2066 1508 deinde
2087 1449 2151 1508 10
2168 1440 2439 1510 miraculi

294 1540 753 1622 possibilitatem
779 1554 837 1603 et
863 1543 1187 1626 prophetiae
1222 1544 1671 1618 confirmemUS‚
1699 1544 1768 1601 20
1790 1543 2135 1603 eorumdem
2164 1546 2288 1605 sive
2318 1544 2438 1603 mi-

294 1637 630 1698 raculorum
667 1639 789 1700 sive
830 1639 1242 1700 vaticiniorum
1284 1639 1408 1700 vim
1437 1639 1775 1700 evincamus
1813 1638 1889 1698 ad
1925 1638 2439 1723 supernaturalem

296 1734 720 1795 revelationem
759 1735 1221 1815 dignoscendam
1241 1781 1257 1811 .,
1290 1736 1354 1794 in
1379 1738 1544 1815 cujus
1571 1735 1819 1815 gratiam
1851 1735 2007 1795 edita
2043 1736 2304 1796 fuerunt.

383 1827 522 1888 108.
570 1832 657 1891 Ne
701 1843 904 1891 tamen
953 1853 1156 1892 rerum
1197 1832 1361 1914 copia
1399 1831 1740 1915 quempiam
1782 1829 1992 1891 obruat
2015 1877 2032 1906 ,
2087 1831 2185 1894 vel
2226 1831 2437 1892 saltem

296 1925 698 1987 confusionem
730 1927 922 2010 pariat
943 1974 959 2003 ,
991 1927 1055 1986 in
1095 1927 1241 1987 duos
1280 1927 1585 1987 distinctos
1614 1926 1884 1987 articulos
1919 1949 2052 1987 earn
2078 1926 2398 1989 dividimus
2418 1971 2436 2001 ‚

296 2020 361 2078 in
401 2043 654 2103 quorum
695 2024 877 2106 priori
922 2023 996 2084 de
1038 2024 1335 2083 miraculis
1359 2069 1377 2100 ‚
1434 2024 1500 2083 in
1550 2023 1734 2084 altero
1784 2024 1859 2086 de
1902 2022 2216 2107 prophetia
2257 2023 2440 2084 disse-

297 2137 517 2178 remuS.

1175 2270 1512 2314 ARTIC'ULUS
1544 2271 1580 2312 1.

1146 2403 1232 2457 De
1273 2399 1617 2458 miraculis.

385 2593 525 2653 109.
575 2578 954 2674 Argumenti,
997 2590 1070 2653 de
1103 2613 1220 2675 quo
1261 2613 1430 2672 agere
1460 2590 1857 2665 instituimUS‚
1901 2587 2307 2674 perspicuitati
2347 2591 2440 2650 in>

300 2689 648 2763 serviente5‚
665 2688 955 2749 nonnulla
973 2685 1435 2771 praenotabimus
1457 2686 1670 2769 quibus
1687 2685 2061 2748 difficultates
2080 2709 2201 2747 non
2212 2708 2438 2770 paucae7

301 2808 431 2869 quae
461 2786 689 2847 moveri
720 2785 914 2846 solent
939 2832 955 2862 ,
990 2783 1064 2844 ab
1101 2785 1229 2868 ipso
1268 2783 1507 2844 exordio
1545 2782 2134 2866 praeoccupabuntur.

387 2882 525 2940 110.
571 2882 652 2941 Ac
700 2882 764 2940 10
804 2881 1047 2964 quidem
1071 2927 1087 2956 a
1128 2903 1264 2940 cum
1300 2879 1649 2940 miraculum
1684 2902 1718 2939 a
1753 2881 2035 2939 mirando
2069 2879 2294 2939 dicatur
2315 2924 2331 2953 7
2378 2900 2443 2938 ac

304 2977 507 3036 mirari
543 2976 811 3038 homines
864 2977 1094 3038 soleant
1125 2977 1365 3037 effectus
1406 2975 1896 3037 extraordinarios
1919 3021 1934 3051 .,
1976 2998 2225 3058 quorum
2274 2997 2442 3035 causa

305 3095 404 3134 eos
434 3072 580 3133 latet
605 3118 622 3147 ,
658 3072 754 3132 hic
787 3073 948 3156 prius
981 3074 1253 3133 sistamus
1292 3085 1543 3156 oportet.
1594 3074 1651 3132 Si
1686 3094 1857 3132 causa
1893 3074 2201 3132 naturalis
2228 3072 2303 3130 sit
2328 3117 2344 3147 7
2383 3070 2445 3129 id

305 3181 395 3232 est
430 3171 586 3230 intra
634 3181 859 3230 naturae
907 3170 1079 3249 hujus
1137 3169 1381 3231 visibilis
1445 3181 1622 3252 atque
1667 3190 1960 3251 corporeae
2005 3167 2157 3247 leges
2216 3169 2442 3250 posita,

304 3288 666 3349 quamquam
711 3265 1022 3325 hominum
1066 3277 1306 3350 captum
1352 3266 1624 3346 effugiat,
1671 3265 1910 3326 effectus
1954 3266 2064 3325 erit
2108 3268 2308 3323 mirus
2350 3262 2444 3323 vel

308 3496 402 3549 est,
429 3485 657 3535 Historia
682 3503 906 3535 romana.
923 3486 979 3536 B.
998 3486 1089 3536 Th.
1116 3503 1161 3536 1.
1185 3484 1331 3536 1812.
1423 3486 1740 3535 Commentat.
1782 3484 1838 3533 de
1877 3484 2160 3551 Apollodori
2197 3481 2447 3530 bibliothe-

311 3585 356 3618 2.
385 3568 443 3618 A.
484 3565 627 3618 1826.
654 3568 707 3617 G.
745 3568 1017 3630 Hermann,
1049 3569 1336 3618 Primordia
1423 3586 1511 3632 ca,
1546 3578 1664 3619 tom.
1695 3584 1780 3628 111,
1822 3587 1871 3632 p.
1906 3566 2008 3633 906
2036 3605 2047 3628 ‚
2081 3578 2169 3617 etc.

310 3650 420 3700 hist.
474 3650 676 3701 Graecae.
722 3652 885 3719 Lipsiae
938 3648 1085 3701 1820.
1134 3652 1295 3718 Heyne
1323 3691 1334 3707 ‚
