2554 4140
460 163 613 200 PROP.
658 162 738 199 IX.
785 164 852 198 DE
890 161 1145 199 PROTEST.
1193 161 1341 198 ome..
1387 161 1451 196 ΕΤ
1492 159 1653 197 SUCC.

2003 136 2123 196 303<

94 306 230 365 224.
283 308 433 365 Hinc
475 327 626 366 nova
662 305 916 386 prodivit
947 303 1199 381 exegesis
1242 323 1537 362 sacrorum
1584 302 1870 362 librorum
1892 348 1908 378 .,
1947 307 2116 380 juxta

15 423 189 483 quam
212 400 439 459 sublata
462 411 602 459 sunt
622 398 900 459 miracula
918 409 978 457 et
996 395 1269 457 vaticinia
1293 399 1488 456 omnia
1505 443 1521 474 ,
1556 398 1870 458 introducti
1892 397 2079 478 mythi
2104 443 2120 472 .,

10 495 353 577 adoptatum
407 506 656 575 systema
676 539 692 568 ,
738 505 804 551 ut
843 500 1049 552 vocant
1106 493 1662 552 accommodationis
1694 491 1802 572 (l).
1850 493 2125 551 Eminent

10 590 72 648 in
99 590 207 648 hac
231 589 437 648 schola
465 588 675 648 Paulus
695 585 899 647 Hetzel
916 630 933 657 ,
957 581 1276 659 Eichhorn,
1303 590 1548 665 uterque
1582 587 1992 648 Rosenmfiller
2013 588 2121 669 (2),

14 684 218 766 Koppe
239 730 256 758 ,
288 682 590 743 Heinrichs
631 691 692 740 et
723 677 994 740 Kuinoel.

14 934 282 980 auctoritate
310 943 471 977 omnes
488 935 629 975 sectas
648 934 766 973 ortas
780 941 877 973 esse
895 961 909 984 ‚
930 941 1028 971 om·-

14 1026 401 1079 nesque-errores
442 1008 542 1055 illos
571 1007 845 1072 profluxisse
863 1045 876 1066 ,
910 1008 1029 1053 inter

14 1112 131 1161 quos
144 1094 369 1141 fluctuant
383 1084 705 1149 Protestantes‚
723 1106 818 1136 non
835 1088 1027 1136 exclusis

14 1178 122 1239 ipsis
148 1173 461 1221 rationalismo
481 1189 535 1219 ac
554 1170 856 1218 naturalismo
876 1207 889 1228 ‚
910 1186 1029 1235 quos

18 1256 350 1304 affirmavimus
380 1254 583 1301 fructum
628 1269 899 1317 germanum
934 1268 1031 1299 esse

20 1337 232 1401 principii
271 1335 640 1392 reformationis,
679 1332 775 1379 duo
806 1332 908 1380 haec
922 1349 1033 1380 con-

19 1417 212 1464 fundere
227 1433 322 1463 non
343 1415 564 1463 debemus
584 1451 598 1474 ,
625 1430 725 1479 quae
747 1413 1032 1461 occasionem

21 1500 311 1563 querimonia
368 1496 593 1544 dederunt
644 1492 1028 1541 Protestantibus.

20 1579 178 1627 Plures
197 1581 323 1626 enim
335 1579 454 1625 inter
471 1579 592 1641 ipsos
606 1584 1003 1640 consequeruntur
1016 1611 1030 1634 ,

21 1659 277 1708 Catholicos
305 1652 477 1725 injuste
508 1657 768 1706 adscribere
799 1659 1035 1723 principiis

21 1742 344 1790 Reformatoris
367 1740 558 1789 Saxonis
584 1756 756 1788 errores
778 1775 793 1799 ,
821 1741 904 1805 qui
938 1756 1034 1787 non

22 1824 171 1872 solum
193 1841 247 1872 ex
267 1823 390 1871 illius
408 1823 615 1871 doctrina
642 1838 738 1869 non
764 1821 1020 1886 profluunt,

22 1923 183 1954 verum
226 1907 367 1954 etiam
405 1914 501 1952 toto
548 1903 660 1952 coelo
691 1903 843 1951 eidem
871 1903 1033 1951 adver-

24 1997 204 2046 santur3
238 1986 465 2035 Lutherus
507 1987 634 2034 enim
670 2002 750 2050 per
778 1983 888 2033 Adae
927 2001 1035 2049 pec-

26 2081 181 2119 catum
217 2088 398 2136 prorsus
433 2072 616 2135 periisse
662 2069 863 2117 hominis
904 2066 1033 2116 arbi-

26 2155 165 2201 trium
193 2154 476 2212 autumavit,
518 2151 863 2216 humanamque
897 2151 1034 2197 ratio-

28 2253 136 2284 nem
151 2237 334 2300 penitus
349 2235 722 2293 obtenebratam3
747 2233 1036 2281 rationalistae

26 2310 183 2368 ¹autem
213 2327 464 2383 utrumque
488 2319 725 2382 rejiciunt,
744 2333 793 2364 ac
812 2317 1034 2362 rationem

30 2399 117 2448 sibi
147 2400 290 2448 solam
323 2400 529 2448 sufficere
561 2398 838 2447 obtendunt.
869 2396 1036 2445 Assen-

31 2483 170 2529 timus
188 2491 423 2546 propterea
447 2491 491 2529 et
522 2497 604 2528 nos
629 2480 888 2528 doctissimo
923 2496 1035 2543 pro-

31 2564 193 2612 fessori
213 2562 419 2612 Moehler
436 2599 451 2622 ,
472 2565 552 2628 qui
578 2565 628 2610 in
649 2580 728 2610 sua
744 2560 1036 2626 Symbolica,

34 2662 139 2710 pag.
164 2642 260 2694 353
287 2646 446 2708 primae
482 2645 594 2692 edit.
636 2641 1036 2703 1832,'adstruit,

37 2729 334 2775 recentiorem
373 2726 646 2790 theologiam
672 2726 1039 2788 protestanticam

39 2810 313 2856 reactionem
360 2825 455 2855 esse
485 2807 862 2870 perfectissimam
904 2815 1042 2870 atque

37 2889 311 2952 completam
348 2889 560 2935 adversus
597 2888 834 2951 antiquam
855 2921 868 2945 .‚
904 2887 1040 2933 ratio-

40 2986 239 3034 nemque
270 2969 459 3017 terribili
499 2968 634 3033 plane
675 2970 814 3017 modo
855 2986 903 3017 se
939 2971 1040 3016 vin-

41 3047 212 3098 dicasse
241 3050 298 3099 de
324 3050 449 3098 totali
466 3052 754 3115 oppressione
773 3087 786 3109 ‚
823 3050 880 3098 ad
901 3068 1042 3117 quarn

45 3148 146 3179 eam
160 3131 424 3196 redegerant
441 3133 756 3180 reformatores
776 3170 789 3192 ,
807 3148 911 3197 quae
927 3144 1044 3180 onus

43 3222 262 3277 praeterea
277 3215 326 3260 in
342 3230 389 3262 se
414 3216 606 3278 suscepit
624 3216 674 3261 in
693 3213 911 3261 omnibus
933 3231 1043 3262 con-

45 3294 295 3343 tradicendi
327 3312 486 3344 eorum
522 3296 756 3345 doctrinae.
775 3298 853 3344 Ast
867 3293 937 3344 his
950 3313 1047 3343 non

45 3375 331 3424 obstantibus
351 3413 364 3438 ,
385 3379 668 3425 verissimum
688 3388 780 3437 est,
814 3378 936 3426 idem
950 3395 1046 3425 esse

45 3460 320 3522 principium
364 3459 555 3507 formale
593 3460 884 3524 praedicatum
914 3476 941 3506 a
977 3478 1047 3509 re-

49 3540 369 3588 formatoribus
390 3577 403 3599 ‚
435 3543 603 3607 cuique
640 3542 870 3591 Lutherus
902 3552 948 3592 et
975 3560 1049 3590 ra-

48 3624 282 3674 tionalistae
314 3623 649 3674 inaedificarunt
677 3663 691 3686 ‚
722 3635 767 3674 et
812 3628 943 3692 cujus
971 3643 1056 3690 ope

1112 934 1461 988 propugnarunt
1493 942 1597 974 suas
1618 925 1962 978 reformationes
1990 941 2129 996 atque

1115 1005 1362 1053 doctrinas.
1417 1004 1638 1055 Absoluta
1678 1001 1902 1073 oppositio
1931 1044 1945 1070 ‚
1989 1028 2130 1076 quam

1114 1089 1379 1136 invenimus
1409 1089 1529 1136 inter
1552 1088 1780 1154 ejusmodi
1809 1091 2128 1154 Protestantes‚

1116 1171 1315 1217 maxime
1352 1172 1520 1218 evincit
1554 1171 1800 1219 falsitatem
1841 1172 1966 1221 illius
2007 1176 2134 1238 prin·-

1117 1251 1224 1315 cipii
1250 1251 1455 1299 formalis
1475 1251 1833 1302 fundamentalis
1851 1290 1865 1315 ‚
1897 1264 2038 1320 atque
2056 1272 2135 1304 ne-

1117 1333 1372 1382 cessitatem
1388 1333 1515 1382 illius
1533 1337 1813 1384 auctoritatis
1836 1373 1850 1395 ‚
1878 1352 1979 1402 quae
1999 1337 2134 1386 nobis

1117 1431 1279 1462 verum
1318 1414 1506 1479 prabeat
1541 1432 1731 1464 sensum
1772 1416 1900 1465 verbi
1942 1417 2060 1478 Dei,
2088 1428 2134 1468 et

1118 1505 1378 1559 proponat,
1400 1505 1635 1545 conservet
1667 1514 1721 1545 ac
1741 1514 1922 1562 semper
1949 1500 2136 1549 tueatur

1118 1577 1325 1625 divinam
1350 1576 1680 1627 revelationem
1703 1581 1754 1627 in
1774 1597 1856 1628 sua
1877 1582 2135 1647 integritate

1118 1670 1254 1725 atque
1282 1662 1332 1708 in
1360 1663 1499 1708 unico
1543 1679 1626 1709 suo
1657 1679 1809 1711 sensu.
1851 1662 2012 1730 Itaque
2041 1665 2135 1714 duo

1118 1741 1214 1790 haec
1238 1743 1458 1809 distingui
1492 1744 1664 1792 debent
1683 1781 1697 1800 ,
1728 1746 2007 1810 principium
2044 1749 2135 1796 sci-

1118 1822 1224 1872 licet
1236 1826 1444 1890 generale
1458 1842 1510 1873 ac
1530 1825 1877 1875 fundamentale
1905 1829 2130 1877 reforma—

1119 1907 1257 1953 tionis
1284 1924 1307 1954 a
1339 1906 1541 1955 Luthero
1574 1910 1807 1956 invectum
1832 1908 1890 1957 de
1914 1910 2132 1975 indepen-

1120 1987 1275 2037 dentia
1297 1990 1482 2037 rationis
1505 1988 1564 2037 ab
1585 1993 1852 2040 auctoritate
1871 2029 1885 2052 ,
1913 2001 1958 2041 et
1994 2009 2136 2057 pecu-

1120 2071 1235 2119 liare
1246 2071 1465 2120 doctrinae
1483 2071 1672 2121 Lutheri
1687 2083 1902 2139 systema.
1919 2071 2137 2140 Systema

1122 2153 1421 2201 rationalismi
1435 2154 1697 2202 adversatur
1714 2155 1958 2218 pecculiari
1973 2155 2139 2203 doctri·

1122 2253 1190 2283 11ae
1225 2235 1411 2283 Lutheri
1431 2273 1449 2296 ‚.
1480 2236 1678 2302 ideoque
1701 2236 1759 2284 ab
1791 2254 1844 2285 eo
1872 2237 2039 2285 recedit
2062 2255 2136 2285 ra·

1124 2317 1371 2380 tionalista;
1395 2326 1623 2382 quatenus
1639 2326 1793 2365 autem
1819 2317 1908 2365 hoc
1933 2328 2136 2385 systema

1124 2400 1332 2463 provenit
1343 2414 1395 2446 ex
1408 2397 1764 2462 independentia
1775 2434 1788 2457 ‚
1804 2399 2139 2448 rationalismus

1123 2482 1350 2545 genuinus
1383 2479 1560 2527 fructus
1591 2488 1660 2528 est
1689 2480 2053 2540 reformationis,
2087 2491 2140 2530 ut

1125 2563 1259 2611 ceteri
1274 2578 1445 2610 errores
1459 2578 1618 2608 omnes
1637 2597 1652 2621 ,
1672 2579 1787 2627 quos
1800 2564 2137 2612 recensuimus.

1195 2642 1259 2706 (l)
1300 2640 1447 2707 Cujus
1497 2652 1655 2689 auctor
1706 2642 1886 2690 videtur
1938 2641 2136 2693 Semler.

1128 2722 1270 2772 Cons.
1291 2723 1449 2788 Hugh.
1472 2722 1625 2771 James
1639 2722 1762 2771 Rose
1782 2759 1796 2781 ‚
1826 2740 1904 2788 op.
1940 2727 2021 2772 cit.
2039 2724 2141 2772 Sur

1110 2803 1254 2850 Γέται
1271 2803 1389 2851 dela
1411 2803 1612 2867 religion
1625 2811 1935 2868 protestante.

1197 2883 1259 2945 (ἢ)
1296 2882 1392 2931 Etsi
1421 2884 1743 2932 Rosenmiiller
1772 2886 1931 2950 junior
1966 2887 2017 2933 in
2046 2887 2140 2934 suis

1130 2965 1324 3014 scholiis
1340 2969 1390 3013 in
1405 2966 1546 3014 libros
1556 2965 1729 3014 Veteris
1744 2966 2022 3015 Testamenti
2040 2985 2139 3016 ma-

1127 3050 1215 3114 jori
1248 3048 1557 3096 moderatione
1582 3066 1689 3096 usus
1713 3065 1809 3096 esse
1823 3048 2031 3097 videatur
2047 3086 2061 3109 ‚
2090 3051 2141 3098 in

1131 3130 1321 3179 Daniele
1335 3141 1501 3191 tamen,
1515 3131 1626 3179 edit.
1647 3147 1770 3179 anno
1794 3128 1941 3191 1832,
1961 3132 2140 3180 nullam
2188 3122 2190 3125 ⁵

1134 3213 1270 3278 plane
1313 3215 1657 3278 temperantiam
1698 3215 1916 3270 servavit,
1947 3214 2024 3262 sed
2057 3213 2142 3262 ab-

1130 3296 1304 3360 judicat
1332 3295 1513 3344 Danieli
1530 3296 1815 3360 prophetiam
1838 3297 1936 3362 ejus
1952 3297 2143 3344 nomine

1134 3379 1394 3441 inscriptam
1412 3413 1428 3438 ,
1458 3377 1530 3425 vel
1549 3377 1712 3426 saltem
1741 3388 1995 3441 suspectam
2036 3376 2142 3425 red-

1136 3460 1232 3518 dit,
1275 3458 1403 3506 valde
1447 3457 1684 3522 probabile
1731 3461 1998 3507 existimans
2038 3466 2142 3504 ante

1137 3559 1311 3590 annum
1342 3540 1510 3590 Christi
1537 3541 1903 3590 ducentesimum
1933 3549 2012 3587 aut
2032 3555 2142 3587 cen-

1139 3627 1355 3674 tesimum
1385 3624 1711 3688 octogesimum
1758 3620 1973 3672 nundum
2004 3620 2144 3669 fuisse
