2554 4140
316 105 429 164 198

977 123 1043 160 ne
1090 109 1240 162 vum
1283 123 1406 159 nm.
1452 121 1585 163 Anv.
1631 122 1784 161 mon.

311 270 542 331 clesiam
574 266 919 327 catholicam
939 312 954 341 ,
997 290 1174 350 quam
1201 278 1468 349 κρατοῦσαν
1499 289 1601 328 seu
1637 270 2067 349 proevalentem
2099 253 2393 331 ⁸vocabant
2418 314 2434 341 .,

309 366 422 447 ipsi
464 362 683 423 ethnici
720 385 753 421 a
789 361 1252 447 quibuscumque
1289 365 1457 424 sectis
1497 363 1902 425 discreverunt
1941 373 2001 423 et
2038 376 2425 444 agnoverunt.

310 460 378 517 5⁰
414 456 749 518 Dummodo
783 458 1097 519 Christiani
1136 460 1315 519 fidem
1358 465 1712 539 ejurassent,
1757 470 2044 541 tanquam
2086 458 2338 518 absoluti
2377 471 2437 520 et

307 554 603 614 immunes
639 552 713 612 ab
760 552 851 613 his
890 554 1165 614 omnibus
1203 555 1547 615 criminibus
1585 554 1976 616 habebantur.
2016 555 2081 613 60
2123 553 2261 614 Ideo
2297 575 2439 636 per-

308 649 533 710 duelles
577 648 1026 710 declarabantur
1045 696 1061 727 ‚
1099 652 1233 733 quia
1264 650 1706 734 respondebant
1734 674 1747 709 ε
1783 652 2040 712 Ohediri
2065 659 2288 731 oportet
2316 651 2441 710 Deo

307 750 530 828 magis,
551 768 740 826 quam
762 748 1112 806 hominihus
1127 749 1281 826 (Act.
1302 749 1349 806 V
1366 792 1382 821 ,
1406 748 1531 827 29).
1553 748 1619 806 7ο
1637 747 1827 822 Addo7
1856 745 2014 829 quod
2038 747 2085 805 si
2101 744 2176 805 oh
2190 745 2443 827 impacta

309 842 594 921 ejusmodi
630 843 873 903 crimina
912 842 1121 902 saltem
1148 853 1216 901 ut
1243 855 1594 925 apparentes
1631 855 1955 927 praetextus.
1992 841 2317 903 Christiani
2347 841 2442 899 in-

308 938 746 1000 terficiebantur
766 985 783 1015 .,
811 960 948 1021 ergo
974 939 1204 1011 insere,
1234 959 1357 997 non
1391 939 1730 1020 temporalis
1759 951 2012 1023 quaestus
2032 985 2048 1014 .,
2090 961 2214 997 non
2253 935 2443 997 inanis

307 1216 538 1266 retulisset
565 1215 811 1266 Gnosticos
825 1218 844 1281 (
859 1219 1089 1284 sapientes
1110 1235 1192 1267 seu
1214 1217 1329 1268 illu-

307 1301 543 1361 minatos,
582 1310 721 1366 prout
759 1318 808 1349 se
846 1310 1012 1349 vocant
1042 1318 1144 1352 non
1169 1318 1332 1365 paucae

307 1391 574 1430 nostrorum
606 1392 871 1448 temporum
897 1384 1094 1448 sectae),
1113 1401 1139 1433 a
1157 1382 1333 1450 Carpo-

309 1470 431 1510 crate
452 1463 673 1527 prodiisse
692 1502 705 1524 ,
728 1464 945 1513 docentes
973 1464 1143 1514 debere
1160 1483 1330 1513 unum·

309 1562 550 1611 quemque
582 1546 756 1610 flagitia
791 1545 1138 1596 obscoenissima
1173 1560 1333 1612 perpe-

310 1636 430 1674 trare
439 1627 499 1675 ad
510 1627 595 1674 sibi
612 1628 927 1677 conciliandos
939 1627 1107 1676 mundi
1118 1639 1333 1689 rectores,

309 1709 516 1774 indeque
559 1709 781 1774 prodiisse
832 1720 895 1758 tot
942 1709 1238 1759 ethnicorum
1283 1713 1333 1758 in

311 1790 599 1839 Christianos
611 1792 869 1840 calumnias
884 1791 942 1841 de
958 1793 1211 1842 incestibus
1226 1811 1333 1841 cum

308 1874 537 1923 matribus
568 1885 612 1923 et
643 1874 876 1924 sororibus
895 1913 908 1935 ‚
941 1886 985 1924 et
1014 1878 1337 1925 consecrandis

310 1957 509 2024 dapibus
533 1994 547 2019 ‚
572 1957 839 2023 praeclarum
870 1959 962 2007 hoc
985 1957 1177 2008 exhibet
1200 1962 1337 2008 testi-

312 2042 526 2087 monium
558 2040 615 2088 de
635 2039 839 2088 Ecclesia
865 2040 1087 2089 catholica
1121 2058 1136 2089 ε
1171 2043 1225 2089 Ἡ
1258 2046 1338 2091 τοῦ

315 2119 520 2169 καθέλου
568 2118 646 2170 καὶ
681 2118 814 2184 statims-
849 2124 1054 2178 οἷληθοῦς
1087 2123 1334 2179 ἐκκλησίας

315 2201 585 2270 lapan-pirm-
614 2202 670 2254 τδ
696 2202 850 2268 ceperit
880 2203 958 2254 κα)
992 2204 1225 2273 dampna}
1257 2205 1335 2257 aaa}

319 2284 563 2351 ἐλευθέριον
584 2284 635 2336 vo*
653 2308 702 2336 τε
734 2293 901 2354 σὸφρον
926 2286 1004 2338 καὶ
1030 2287 1228 2356 καθ-αρέν
1258 2296 1339 2339 τοῦ

319 2366 469 2418 ἔνθ-ἔον
498 2367 735 2422 πολιτείας
766 2391 815 2418 τε
852 2369 929 2419 καὶ
965 2371 1243 2435 φιλοτοφιάς
1277 2377 1336 2426 εἷς

314 2447 437 2505 οἷσι-οἷν
473 2452 598 2511 γένος
640 2455 855 2508 Ἑλλήνωι
892 2473 940 2502 τε
985 2452 1061 2503 κα)
1103 2453 1336 2522 Βαρβαῖρων

317 2533 686 2595 α’ποττίλβουτα·
717 2533 977 2596 τυναπέτβη
1007 2543 1110 2598 ’γοῦν
1146 2536 1251 2601 ἅμα
1277 2544 1341 2605 τῷ

319 2615 458 2684 xpo'rq»
489 2615 567 2667 xxi
602 2616 777 2675 ᾖκατοῖ
803 2619 968 2672 aran-35
993 2626 1072 2670 τοδ
1097 2619 1339 2684 δυ’γματος

276 2694 278 2696 V
321 2699 537 2760 διαβολή·
569 2698 695 2766 ’ἔμενε
726 2699 780 2751 δὲ
807 2700 918 2767 μέν»)
949 2700 1037 2771 {ipa
1073 2703 1196 2772 παραὶ
1222 2710 1339 2755 voto-c

319 2790 547 2849 κρατοῦσα
589 2783 667 2834 καὶ
715 2784 1107 2851 α’νομολογουμένη
1147 2785 1209 2838 τοὶ
1241 2787 1340 2852 μοὶ-

323 2880 464 2916 >uo-roa
516 2866 780 2935 διαπρέπειν
839 2868 912 2920 ἐπὶ
966 2870 1210 2935 σεμνότητι
1263 2871 1340 2922 καὶ

322 2948 575 3016 σ-ωφρυτῦνῃ
605 2950 747 3000 θείοις
770 2973 817 3001 τε
840 2951 919 3002 καὶ
941 2954 1209 3018 φιλοσὸφοις
1228 2954 1342 3016 δέγ-

322 3053 461 3094 ματιν
478 3072 491 3095 ,
517 3035 543 3088 η’
564 3036 677 3083 καθ’
692 3036 815 3097 ἡμεῖς
833 3035 1151 3100 διδασκαλία,
1176 3041 1223 3087 id
1243 3051 1339 3101 est,

327 3115 572 3165 Catholica
606 3118 861 3181 Ecclesia,
894 3138 997 3187 quae
1026 3124 1122 3171 sola
1151 3142 1255 3172 vera
1273 3135 1344 3173 est

324 3214 597 3263 semperque
613 3205 696 3249 sui
705 3203 882 3250 similis
897 3215 939 3251 et
954 3216 1195 3267 constans,
1207 3211 1345 3256 novis

324 3281 534 3345 quotidie
562 3284 873 3332 incrementis
901 3289 1167 3352 auqebatur
1190 3328 1201 3351 ‚
1226 3308 1342 3354 qra-

325 3367 488 3427 vitate,
506 3367 781 3415 sinceritate
796 3387 850 3417 ac
868 3369 1099 3429 libertate,
1115 3372 1345 3421 modestia

325 3448 529 3513 denique
550 3466 607 3497 ac
627 3453 878 3499 sanctitate
903 3454 1015 3500 vitoe
1047 3455 1302 3520 cujusdam
1326 3491 1342 3520 ‚

319 3529 729 3597 philosophiaeque
738 3533 922 3583 divinae
937 3538 1156 3585 omnium
1170 3538 1346 3599 oculos,

327 3629 422 3664 non
455 3632 721 3679 qraecorum
769 3617 906 3666 modo
936 3656 947 3677 ‚
996 3635 1161 3668 verum
1204 3623 1350 3670 etiam

1414 1216 1732 1266 barbarorum
1743 1218 2072 1281 perstrinqens
2089 1233 2111 1276 ,-
2124 1215 2276 1264 simul
2295 1218 2443 1266 etiam

1415 1302 1632 1350 extincta
1662 1307 1732 1346 est
1763 1300 1995 1366 temporis
2026 1297 2169 1362 lapsu
2197 1297 2448 1346 calumnia

1414 1382 1501 1430 illa
1519 1415 1534 1443 ,
1571 1396 1679 1444 quae
1722 1383 1964 1430 universa?
2019 1378 2245 1444 reliqioni
2274 1387 2449 1428 nostroe

1413 1461 1574 1528 afficta
1595 1464 1762 1527 suerat
1791 1467 1926 1530 (puto
1971 1461 2209 1511 Sismondi
2246 1461 2324 1510 hic
2350 1462 2450 1510 dic-

1414 1556 1573 1594 turum
1606 1565 1704 1596 non
1739 1563 1836 1597 esse
1865 1545 1985 1594 ferro
2012 1555 2056 1594 et
2103 1547 2210 1610 igne
2247 1544 2450 1593 ecclesiae

1420 1629 1729 1691 catholicae),
1760 1628 2032 1693 mansitque
2067 1626 2266 1683 tandem
2302 1626 2451 1674 disci-

1408 1711 1553 1778 plina
1594 1719 1760 1760 nostra
1815 1711 1911 1759 sola
1961 1713 2175 1760 omnium
2222 1727 2450 1759 consensu

1417 1795 1640 1860 superior
1664 1801 1710 1841 et
1738 1794 1919 1842 victrix
1939 1830 1952 1852 ‚
2002 1808 2059 1840 ao
2093 1808 2201 1858 prm
2247 1790 2449 1856 reliquis

1418 1880 1558 1926 sectis
1593 1876 1861 1939 modestia,
1891 1878 2157 1941 qravitate,
2181 1875 2454 1939 divinoeque

1418 1962 1673 2026 sapientioe
1706 1961 1967 2026 proeceptis
2000 1957 2223 2007 excellere
2253 1958 2313 2006 ab
2352 1974 2455 2006 om-

1417 2044 1565 2093 nibus
1592 2043 1853 2111 judicata.
1902 2043 2135 2109 Deinceps
2190 2043 2305 2092 hinc
2352 2043 2453 2091 fac-

1418 2138 1519 2175 tum
1550 2127 1698 2176 refert
1719 2165 1732 2187 ,
1765 2137 1817 2175 ut
1848 2126 2052 2175 Ecclesia
2081 2125 2448 2174 catholicadicta

1417 2211 1555 2258 fuerit
1599 2229 1624 2257 a
1667 2209 1920 2273 gentilibus
1956 2209 1982 2262 η’
2026 2211 2257 2273 κρατοῦσα
2304 2203 2451 2270 δέξαι,

1430 2302 1474 2340 et
1508 2291 1733 2339 Catholici
1775 2294 2053 2356 κρατοῦντες.
2107 2289 2165 2337 Et
2206 2307 2315 2338 sane
2363 2291 2455 2339 hoc

1421 2375 1611 2421 nomine
1652 2371 1922 2420 Damascius
1960 2374 2010 2419 in
2054 2369 2252 2419 Isidori
2292 2370 2416 2420 Vita
2439 2408 2453 2434 ,

1418 2476 1465 2522 p.
1496 2453 1652 2517 1058,
1683 2457 1826 2505 donat
1849 2456 2107 2504 Ecclesiam
2136 2456 2416 2505 catholicam
2437 2493 2452 2516 ‚

1418 2558 1471 2589 ac
1498 2557 1683 2587 rursum
1714 2556 1824 2604 pag.
1865 2555 1990 2605 1072
2021 2540 2149 2588 idem
2181 2540 2308 2605 apud
2346 2539 2456 2588 Sui-

1420 2623 1528 2672 dam
1554 2622 1781 2670 disserens
1812 2621 1870 2670 de
1901 2620 2188 2685 Ammonio3
2225 2624 2291 2671 sic
2316 2624 2455 2670 etiam

1421 2715 1525 2753 ante
1540 2706 1692 2769 ipsum
1713 2703 2014 2769 Porphyrius,
2036 2706 2087 2752 in
2109 2704 2229 2752 libro
2248 2703 2329 2752 De
2342 2720 2454 2752 ora-

1422 2787 1639 2836 culorum
1663 2787 1973 2855 philosophia
1994 2826 2007 2849 ,
2038 2789 2160 2854 apud
2178 2788 2350 2837 Euseb.
2372 2787 2454 2837 De

1416 2888 1576 2937 proep.
1600 2887 1770 2935 evanq.
1811 2888 1854 2920 c.
1894 2887 1950 2918 10
1971 2908 1984 2930 ‚
2029 2881 2075 2919 et
2098 2870 2415 2920 Theodoretus
2439 2910 2453 2932 .,

1425 2955 1508 3003 lib.
1542 2972 1576 3003 1.
1594 2952 1667 3003 De
1698 2956 1946 3002 curatione
1967 2955 2255 3018 yroecanicae
2288 2970 2455 3020 super-

1423 3040 1667 3098 stitionis,
1701 3038 1749 3086 id
1780 3041 1933 3102 ipsum
1961 3036 2205 3098 observat,
2228 3040 2323 3086 imo
2360 3040 2458 3104 ipse

1423 3122 1725 3171 Julianus·in
1759 3122 2101 3186 Misopoqone‚
2142 3140 2187 3187 p.
2227 3138 2295 3188 99
2322 3159 2334 3181 ‚
2375 3127 2456 3171 τῶν

1427 3189 1723 3269 apamia-as»,
1764 3202 1822 3249 de
1850 3204 1917 3249 iis
1956 3205 2045 3267 qui
2076 3212 2191 3251 tuno
2220 3203 2456 3269 proevale-

1426 3287 1547 3334 bant
1571 3286 1806 3351 loquitur.
1835 3283 1977 3333 Cous.
2015 3284 2224 3333 Valesius
2258 3288 2308 3333 in
2338 3287 2456 3334 notis

1428 3371 1487 3419 ad
1518 3372 1708 3418 citatum
1730 3368 1918 3417 Eusebii
1950 3369 2129 3417 locum.
2151 3368 2313 3426 Miror,
2335 3385 2454 3433 quo-

1429 3457 1568 3507 modo
1603 3457 1775 3506 eruditi
1803 3456 2117 3507 protestantes
2147 3459 2231 3506 ista
2265 3473 2360 3504 non
2388 3457 2455 3503 vi-

1435 3542 1611 3591 derint.
