2554 4140
700 103 858 141 mor.
904 103 964 143 1v
1034 106 1100 141 na
1144 105 1296 142 ECCL.
1333 104 1522 142 rnorn.
2057 79 2179 140 239

83 242 552 325 conceptionibus
578 257 844 327 respectu
870 242 1236 307 divinitatis?
1264 245 1329 302 60
1362 247 1456 304 Vis
1489 257 1548 305 et
1584 246 1893 305 auctoritas
1922 265 2057 304 cum
2092 246 2179 304 ul-

83 340 228 399 timo
270 360 391 398 non
433 339 757 421 producant
808 341 920 399 nisi
973 340 1258 398 unitatem
1313 341 1376 398 in
1429 340 1624 399 verbis
1644 387 1660 415 ,
1716 340 1892 400 satius
1933 352 2022 400 est
2063 362 2183 400 non

83 434 256 493 aliam
307 435 617 495 admittere
659 436 1061 496 auctoritatem
1104 453 1281 514 quam
1321 434 1593 507 rationis,
1648 445 1852 516 utpote
1895 457 2024 518 quae
2065 436 2184 495 sola

84 530 394 590 consistere
411 531 593 609 possit
609 551 740 591 cum
757 530 963 612 spiritu
978 526 1266 606 religionis
1299 547 1364 585 ac
1389 526 1688 606 dignitatis
1712 529 1969 589 hominis
2003 532 2187 590 ratio·-

85 625 254 684 naliS.
281 627 349 685 7⁰
377 627 567 684 Homo
579 623 823 706 quilibet
841 642 950 703 per
973 642 1033 680 se
1053 622 1312 681 veritatis
1339 642 1575 703 compos
1597 623 1722 681 fieri
1746 623 1942 684 debet.
1970 625 2036 683 80
2061 626 2188 684 Pri-

85 741 225 780 vare
257 741 458 780 omnes
495 718 758 778 homines
795 715 1077 794 ejusmodi
1109 721 1240 794 jure
1279 716 1568 790 naturali,
1615 738 1682 776 eo
1725 718 1881 798 quod
1918 719 2190 796 nonnulli
2231 738 2236 743 ·

84 814 370 876 individui
385 814 648 873 homines
660 831 730 870 eo
740 810 903 870 abusi
920 813 1039 870 sint
1051 858 1066 885 ,
1081 833 1241 893 aeque
1257 811 1574 870 absurdum
1591 821 1742 872 esset
1755 833 1820 870 ac
1834 813 2186 874 interdicere

85 909 359 968 omnibus
372 907 803 988 navigationem
821 951 836 981 a
868 907 1002 986 quia
1021 906 1292 965 nonnulli
1319 906 1685 985 naufragium
1713 907 2007 985 fecerunt3
2032 929 2187 988 erg0.

166 1004 265 1064 78.
309 1006 484 1083 Resp.
505 1002 579 1062 ad
599 1003 702 1076 1¹¹¹,
726 1004 885 1061 Dz'st.
908 1001 1114 1078 Quoad
1137 1000 1381 1082 gradum
1395 1002 1932 1084 comprehensionis
1953 1048 1969 1077 ‚
2005 1022 2194 1072 conc„-

85 1099 276 1183 quoad
306 1098 693 1158 substantiam
717 1144 733 1173 .,
763 1121 893 1179 neq.
938 1098 1162 1157 Scilicet
1201 1120 1406 1158 omnes
1443 1098 1761 1156 uniformes
1790 1118 1916 1158 esse
1950 1110 2197 1180 possunt

86 1197 148 1254 in
179 1193 479 1254 credendis
516 1194 723 1252 iisdem
762 1193 898 1253 fidei
930 1193 1185 1253 articulis
1210 1194 1403 1275 quoad
1439 1213 1644 1252 eorum
1685 1191 2073 1253 substantiam
2093 1239 2109 1268 ‚
2137 1205 2197 1253 at

85 1312 194 1373 pro
231 1291 435 1367 majori
458 1288 554 1350 vel
586 1290 799 1348 minori
828 1289 1046 1368 ingenii
1070 1290 1368 1360 acumine,
1393 1287 1491 1348 vel
1521 1289 1862 1367 cognitionis
1887 1310 1986 1349 seu
2018 1289 2201 1349 scien·

90 1387 184 1445 tiae
207 1396 521 1467 apparatu,
549 1385 756 1462 majori
778 1383 872 1446 vel
896 1384 1108 1442 minori
1131 1383 1486 1464 perfectione
1510 1404 1608 1442 eos
1635 1383 1996 1465 percipiunt,
2024 1394 2201 1465 prout

92 1482 311 1564 pariter
343 1479 626 1558 contingit
646 1480 708 1537 in
730 1478 980 1539 scientiis
1009 1477 1408 1555 naturalibus;
1438 1479 1523 1537 sic
1559 1478 1808 1537 rusticus
1843 1489 1904 1537 et
1933 1489 2215 1538 astrono-

91 1598 222 1635 mus
243 1574 514 1635 eamdem
538 1573 730 1654 quoad
751 1572 1138 1633 substantiam
1164 1572 1297 1632 solis
1324 1585 1381 1633 et
1404 1574 1560 1633 lunae
1590 1573 1781 1633 ideam
1807 1572 2029 1634 babent
2048 1622 2066 1647 .‚
2098 1574 2204 1635 sed

90 1683 455 1731 astronomus
498 1691 593 1728 eas
636 1668 806 1728 callet
846 1668 998 1748 leges
1024 1714 1040 1742 ‚
1100 1692 1243 1751 quas
1285 1671 1512 1748 ignorat
1555 1669 1803 1729 rusticus
1831 1715 1846 1744 .,
1907 1681 1966 1729 et
2006 1671 2087 1729 ita
2129 1670 2202 1729 de

86 1766 311 1826 ceteris,

171 1862 272 1920 79.
320 1859 409 1919 Ad
443 1861 560 1934 2¹¹¹,
603 1861 761 1919 Dist.
806 1859 978 1941 Apud
1019 1858 1364 1919 dissidentes
1401 1859 1474 1918 ab
1520 1858 1783 1920 Ecclesiae
1816 1859 2158 1920 auctoritate
2185 1907 2200 1934 a

90 1978 250 2016 conc.
259 1981 285 2030 ‚-
315 1954 472 2036 apud
505 1954 716 2014 dociles
750 1954 1009 2014 Ecclesiae
1033 1954 1180 2014 filios
1211 1955 1273 2013 in
1306 1954 1557 2015 definitis
1587 1954 1722 2015 fidei
1749 1954 2004 2015 articulis
2023 2001 2039 2030 ,
2073 1977 2203 2036 neq.

96 2050 343 2111 Ecclesia
384 2049 662 2110 catholica
695 2071 927 2132 semper
967 2049 1125 2110 idem
1161 2050 1448 2126 credidit,
1487 2052 1677 2111 tenuit
1709 2073 1774 2111 ac
1807 2049 2006 2111 docuit
2036 2053 2099 2110 in
2139 2052 2205 2111 iis

95 2169 224 2228 quae
248 2145 323 2204 ad
346 2144 524 2204 fidem
560 2147 902 2225 pertinent3
939 2145 1096 2226 quod
1132 2148 1179 2204 si
1217 2145 1563 2205 dissidentes
1600 2145 1853 2206 haeretici
1878 2167 1945 2205 ac
1976 2149 2206 2207 Protes-

95 2252 288 2300 tantes
319 2251 380 2300 et
417 2240 789 2299 rationalistae
817 2242 881 2298 in
917 2251 1199 2323 perpetua
1235 2240 1622 2301 fluctuatione
1659 2242 1898 2301 fuerunt
1929 2253 1990 2301 et
2024 2254 2163 2301 sunt
2189 2287 2205 2317 7

94 2336 214 2396 sive
252 2336 397 2395 circa
443 2335 752 2417 Scripturae
796 2357 1066 2411 sensum,
1111 2337 1233 2398 sive
1281 2338 1431 2397 circa
1475 2337 1844 2419 particularia
1894 2337 2169 2419 dogmata
2190 2384 2207 2412 .,

97 2430 244 2489 illud
270 2430 522 2491 defectui
550 2430 936 2504 auctoritatiS‚
971 2452 1147 2512 quam
1189 2436 1551 2510 rejecerunt,
1593 2432 1919 2492 adscribere
1953 2432 2209 2507 debent,

96 2547 218 2585 non
251 2536 448 2586 autem
485 2526 815 2586 auctoritati
833 2527 942 2607 ipsi
965 2572 979 2598 ,
1012 2547 1141 2608 quae
1173 2526 1293 2585 sola
1318 2527 1526 2604 efficit,
1551 2549 1626 2587 ne
1656 2528 1861 2587 incerti
1889 2531 2213 2607 circumfe-

96 2641 320 2680 ramur
356 2625 527 2680 omni
556 2633 723 2680 vento
756 2622 1047 2680 doctrinoe
1084 2621 1329 2703 (Ephes.
1362 2624 1468 2696 IV,
1506 2623 1637 2703 14).

181 2716 279 2775 80.
327 2715 417 2775 Ad
459 2714 578 2789 31¹²,
607 2715 760 2795 Ney.
798 2714 982 2774 Verba
1017 2717 1176 2775 eni-m
1210 2738 1331 2774 non
1368 2726 1507 2774 sunt
1535 2716 1730 2775 nudus
1758 2716 1912 2777 vocis
1952 2737 2127 2798 sonus
2149 2738 2215 2777 ac

103 2831 276 2871 sensu
291 2831 506 2871 vacuus
525 2854 540 2882 ,
578 2810 681 2868 sed
702 2811 863 2887 signa
883 2821 1022 2868 sunt
1044 2811 1260 2870 mentis
1275 2822 1664 2892 conceptuum
1682 2856 1698 2884 .,
1731 2822 1798 2870 ut
1825 2833 2028 2871 omnes
2048 2811 2215 2893 logici

103 2902 333 2964 docent.
368 2906 570 2984 Neque
599 2903 861 2963 Christus
886 2948 902 2977 ‚
930 2925 1125 2986 neque
1150 2905 1408 2987 Apostoli
1431 2951 1446 2980 ,
1482 2927 1614 2964 cum
1642 2905 1820 2966 fidem
1846 2905 2217 2966 tradiderunt

101 3010 162 3058 et
192 2998 679 3060 commendarunt
709 2998 972 3058 Ecclesiae
994 3045 1009 3074 .,
1049 3011 1116 3058 ut
1155 3021 1285 3059 eam
1330 3022 1514 3082 usque
1550 3001 1625 3059 ad
1650 3002 2218 3061 consummationem

104 3092 291 3152 saeculi
321 3094 726 3153 intemeratam
752 3095 1069 3153 custodiret
1098 3106 1158 3154 et
1181 3108 1587 3171 conservaret,
1627 3118 1898 3179 unquam
1928 3098 1989 3156 in
2022 3098 2219 3156 animo

104 3187 437 3247 habuerunt
464 3188 694 3248 tradere
710 3210 774 3248 ac
790 3189 1204 3250 commendare
1226 3189 1454 3249 nudum
1485 3192 1640 3250 vocis
1658 3214 1866 3251 sonum
1885 3238 1902 3268 ‚
1926 3214 2028 3252 seu
2051 3213 2218 3252 voces

105 3304 279 3342 sensu
302 3303 543 3359 vacuaS‚
584 3284 685 3343 sed
723 3286 992 3345 veritates
1021 3307 1125 3366 per
1164 3284 1341 3345 verba
1368 3307 1702 3368 expressa83
1736 3287 1816 3346 sic
1839 3309 2030 3369 neque
2062 3308 2219 3344 mar—

106 3389 259 3457 tyres
286 3379 623 3457 sanguinem
654 3378 931 3439 fuderunt
971 3380 1046 3438 ad
1083 3380 1550 3440 conservandum
1595 3383 1960 3442 materialem
2000 3379 2222 3442 verbo-

109 3495 239 3532 rum
275 3473 620 3548 formulam,
663 3476 754 3532 cui
796 3475 958 3534 nulla
997 3475 1387 3535 determinata
1431 3475 1557 3536 idea
1605 3479 2007 3560 responderet.
2052 3476 2221 3536 Certe

111 3568 417 3645 Apostolus
442 3568 744 3629 Timotheo
770 3569 1221 3632 commendabat
1240 3616 1257 3647 ‚
1287 3581 1353 3630 ut
1366 3574 1637 3651 formam
1658 3572 1903 3634 haberet
1932 3592 2222 3633 sanorum
