2554 4140
684 152 839 190 Paor.
888 154 946 191 x.
997 154 1065 190 nu
1108 154 1318 190 swan.
1368 154 1619 192 Pnoms‘r.
2103 137 2217 197 327

105 318 170 356 ea
196 294 506 354 sterilitate
536 287 821 369 laborare,
846 317 1024 376 quam
1043 297 1274 373 fingunt
1303 296 1616 373 Catholici,
1640 297 1742 357 sed
1763 296 1979 379 ubique
2002 298 2222 361 floren-

103 392 337 453 tissimae
371 401 528 451 sunt.
572 391 742 449 Anno
773 390 927 450 1830
952 386 1233 471 proselyti
1267 390 1562 470 religionis
1599 392 1922 454 wesleianae
1959 415 2059 453 seu
2093 416 2222 454 mea

102 486 421 549 thodisticae
449 489 572 562 jam
611 483 1003 547 ascendebant
1029 480 1108 545 ad
1139 481 1405 557 39‚000;
1442 486 1722 566 proselyti
1752 509 1891 547 vcro
1928 489 2218 555 societatis

99 581 535 662 propagationis
581 578 875 658 Evangelii
905 579 967 639 in
1003 585 1199 658 partes
1236 587 1463 641 exteras
1498 580 1964 645 numerabantur
2011 583 2220 649 eodem

100 696 256 735 anno
303 674 464 733 6043
485 718 501 748 ,
547 686 608 733 et
642 674 720 735 ita
756 694 932 753 porro
963 669 1158 752 'quoad
1191 681 1427 730 caeteras
1469 674 1769 739 societates
1802 677 1932 759 (1),
1975 700 2223 760 praescr-s

103 769 209 829 tim
239 770 308 827 20
334 770 579 831 fratrum
607 770 998 829 Moravorum.
1031 765 1096 825 30
1122 767 1261 839 Quis
1284 767 1514 849 ignorat
1536 767 1727 834 felices
1753 793 2056 836 successus
2077 775 2221 836 mis-1

100 863 332 922 sionum
373 859 722 942 Ziegenhalg
747 905 763 934 .,
796 859 1038 921 Schulze
1074 872 1134 922 et
1164 861 1498 927 Schwartz?
1537 861 1604 921 40
1634 863 1904 930 Addatur
1936 868 2219 945 ejusmodi

101 978 392 1019 successus
430 955 623 1022 adhuc
656 977 779 1014 non
822 975 945 1015 esse
992 956 1105 1015 nisi
1144 967 1371 1017 certum
1415 970 1828 1037 argument-um
1873 959 2218 1030 ulteriorum

101 1072 534 1132 progressuum.
568 1049 634 1107 5⁰
665 1049 834 1123 Quod
858 1051 904 1108 si
941 1050 1035 1111 vel
1062 1073 1179 1110 una
1211 1053 1406 1113 anima
1433 1052 1593 1113 salva
1621 1054 1765 1116 facta
1799 1065 1986 1129 esset,
2020 1077 2219 1118 nonne

98 1155 187 1204 tot
230 1144 458 1204 labores
491 1165 556 1202 ac
591 1145 870 1225 impensae
903 1145 1041 1204 satis
1081 1145 1235 1205 bene
1276 1157 1526 1226 erogatae
1558 1147 1804 1207 fuissent
1835 1149 1965 1227 (2)?
1998 1152 2219 1211 Notum

95 1251 374 1320 praeterea
416 1251 503 1298 est
541 1240 642 1313 6⁰,
679 1240 982 1298 missiones
1022 1242 1480 1300 protestantium
1520 1241 1847 1324 plurimum
1880 1244 2153 1326 impediri
2184 1269 2218 1314 a

96 1334 471 1395 missionariis
529 1333 858 1407 catholicis,
915 1335 1017 1414 qui
1075 1334 1291 1416 ubique
1352 1338 1581 1400 animos
1637 1337 2105 1399 Christianorum
2157 1353 2217 1400 et

95 1428 423 1488 infidelium
463 1439 838 1489 commovent
869 1427 1150 1487 adversus
1185 1452 1329 1506 nos,
1367 1453 1512 1513 quos
1541 1444 1853 1514 propterea
1887 1455 1998 1498 nec
2037 1436 2216 1517 recipi

94 1523 400 1604 patiuntur
424 1548 440 1595 ς
482 1521 625 1603 quid
653 1523 870 1580 mirum
891 1522 1139 1603 proinde
1156 1568 1172 1598 ‚
1199 1525 1247 1582 si
1274 1526 1579 1587 missiones
1607 1529 2066 1595 Protestantium
2089 1553 2211 1593 non

96 1638 301 1676 omnes
328 1616 519 1676 adhuc
554 1617 776 1682 fructus
808 1617 1179 1699 producunt,
1213 1642 1357 1702 quos
1380 1643 1614 1704 sperare
1639 1622 1837 1683 liceret
1865 1623 2085 1707 absque
2106 1625 2220 1685 hu-

85 1711 340 1790 jusmodi
361 1711 788 1793 impedimento
804 1712 835 1772 ¹?
878 1735 1034 1793 ergo,

174 1808 314 1866 257.
361 1810 536 1889 Resp.
576 1808 651 1867 ad
687 1810 765 1867 1¹1¹
788 1855 805 1884 .,
836 1812 997 1870 Dist.
1035 1811 1380 1892 supputatis
1420 1813 1728 1896 proselytis
1771 1815 1867 1876 vel
1897 1817 2218 1876 secundum

94 1924 415 1962 numerum
439 1901 752 1963 bibliorum
770 1926 895 1984 quae
912 1904 1226 1965 distributa
1245 1920 1383 1967 sunt
1397 1953 1413 1982 ,
1444 1909 1539 1969 vel
1558 1910 1880 1972 secundum
1899 1934 2216 1972 numerum

92 1998 510 2080 discipulorum
528 2001 628 2081 qui
653 2000 747 2064 vel
766 2000 990 2067 scholas
1008 2001 1101 2062 vel
1116 2002 1374 2084 aliquam
1396 2007 1908 2086 congregationem
1930 2009 2217 2089 frequen-

93 2106 258 2169 tant,
287 2116 477 2164 conc.,·
513 2095 749 2176 proprie
782 2095 949 2155 dictis
975 2142 991 2171 .,
1035 2119 1165 2177 neq.
1211 2098 1490 2158 Admissis
1528 2101 1724 2182 itaque
1765 2104 2116 2183 exaggeratis
2150 2126 2216 2162 ac

91 2211 243 2271 saepe
268 2191 427 2249 falsis
456 2192 952 2250 missionariorum
971 2195 1422 2273 protestantium
1448 2195 1828 2256 relationibus
1849 2242 1865 2272 ‚
1894 2197 2040 2256 illud
2062 2198 2212 2258 serio

90 2297 178 2344 est
215 2286 809 2346 animadvertendum
834 2332 850 2360 ,
894 2309 1111 2369 nempe
1147 2310 1243 2349 eos
1281 2290 1465 2349 solere
1496 2313 1813 2351 numerum
1842 2314 1942 2352 seu
1974 2314 2211 2354 sensum

89 2379 516 2461 proselytorum
530 2382 834 2444 instituere
849 2377 920 2441 ex
937 2404 1185 2443 numero
1199 2382 1515 2444 bibliorum
1531 2407 1708 2466 quem
1726 2386 1976 2446 distribu
1986 2389 2215 2468 unt(3).

90 2477 226 2535 Haec
261 2488 459 2537 tamen
497 2479 646 2536 ratio
689 2477 1069 2559 computandi
1117 2478 1258 2538 falsa
1297 2491 1422 2557 est3
1461 2480 1655 2561 plures
1691 2482 1887 2557 enim,
1927 2484 2045 2542 imo
2085 2483 2215 2564 ple-

90 2574 254 2653 rique
281 2573 560 2637 volumen
599 2572 917 2635 bibliorum
950 2574 1279 2653 accipiunt,
1326 2586 1389 2632 ut
1426 2574 1574 2634 illud
1612 2577 1752 2635 dein
1788 2577 2108 2637 adhibeant
2140 2578 2217 2638 ad

91 2669 280 2728 varios
311 2690 447 2732 usus
476 2668 822 2730 domesticos
842 2712 858 2740 ,
887 2666 1195 2727 amiciendi
1219 2690 1308 2727 ex.
1330 2691 1415 2747 gr.
1438 2713 1454 2742 ,
1483 2681 1549 2727 ut
1571 2670 1762 2730 dicam
1788 2692 1922 2731 cum
1947 2673 2214 2749 HoratiO,

91 2773 145 2819 et
161 2767 335 2842 μῶρον
349 2774 404 2821 et
416 2763 725 2841 quidquid
742 2762 971 2825 chartis
985 2766 1284 2825 amicitur
1307 2767 1528 2842 ineptis
1548 2764 1671 2843 (4);
1700 2766 1780 2825 ita
1807 2777 1875 2824 ut
1893 2811 1910 2840 7
1941 2767 2218 2827 innume-

91 2856 169 2914 ris
187 2856 507 2915 distributis
526 2855 744 2929 bibliis,
764 2875 945 2915 nemo·
959 2856 1309 2916 christianus
1327 2859 1447 2916 fiat.
1471 2860 1617 2917 Tum
1636 2860 1838 2934 etiam,
1852 2872 1919 2919 ut
1933 2883 2215 2941 magnum

93 2951 305 3009 faciant
327 2972 640 3013 numerum
662 2973 900 3012 suorum
916 2951 1368 3033 proselytorum,
1391 2952 1581 3015 solent
1599 2954 1754 3013 inter
1779 2954 1884 3013 hos
1912 2977 2214 3016 accensere

93 3045 405 3127 discipulos
424 3092 439 3121 ,
467 3047 567 3128 qui
590 3068 791 3105 eorum
810 3047 1035 3108 scholas
1051 3048 1431 3129 frequentant
1447 3047 1536 3128 (5)
1558 3074 1573 3122 ς
1605 3071 1734 3130 quae
1754 3051 1974 3132 pariter
1994 3072 2212 3133 suppu—

162 3223 226 3285 (l)
273 3223 457 3271 Christ.
487 3225 650 3288 reqist.
691 3243 767 3272 an.
806 3222 946 3271 1830.
1191 3243 1472 3290 paganorum
1523 3211 1569 3274 et
1587 3226 1877 3275 dilatationis
1897 3227 2024 3276 verbi
2050 3229 2213 3277 divini.

156 3305 223 3367 (2)
240 3304 414 3370 Vulgus
429 3309 551 3353 enim
578 3307 822 3371 deceptum
849 3325 958 3354 cum
990 3307 1108 3354 nihil
1261 3307 1327 3371 (3)
1365 3307 1457 3355 Vid
1484 3307 1720 3356 Wiseman
1740 3343 1754 3368 ,
1788 3308 1898 3358 diss.
1917 3312 1995 3363 cit,
2019 3320 2131 3358 sect.
2163 3326 2209 3358 v.

88 3388 215 3436 aliud
254 3406 333 3452 pro
373 3406 512 3452 regno
548 3388 632 3437 Dei
673 3391 817 3438 facere
843 3392 983 3451 velit,
1018 3391 1108 3437 sibi
1261 3387 2214 3455 (lo)Nouveaujom·nalasiaeique1828,

88 3473 294 3518 maxime
312 3471 493 3535 placet,
517 3473 554 3519 si
575 3509 588 3528 ‚
613 3472 718 3519 data
744 3473 936 3537 singulis
967 3476 1101 3520 annis
1195 3483 1306 3520 tom.
1335 3489 1369 3519 n
1389 3509 1401 3530 ‚
1430 3489 1533 3537 pag.
1559 3469 1645 3534 4ο.

88 3554 248 3616 exigua
286 3555 480 3616 pecunia
500 3588 515 3611 ,
553 3552 639 3601 sibi
679 3553 880 3602 blandiri
914 3565 1095 3619 potest,
1253 3554 1298 3614 ὅ)
1348 3554 1449 3602 The
1478 3555 1691 3619 history,
1724 3555 1893 3618 desiqn
1912 3590 1926 3617 ,
1954 3553 2057 3603 and
2072 3570 2185 3619 pre-

88 3650 134 3679 se
162 3638 393 3699 cooperari
433 3653 595 3699 magno
626 3639 751 3700 operi
785 3639 1097 3686 conversionis
1187 3644 1294 3683 sent
1323 3644 1441 3685 state
1465 3637 1525 3701 of
1541 3636 1615 3685 the
1645 3637 1873 3703 reliqiom
1891 3673 1906 3698 ,
1941 3646 2031 3686 otc.
2060 3635 2214 3700 hythe
