2554 4140
393 194 516 233 GAP.
562 196 641 234 lv.
688 196 757 231 nn
799 193 977 232 nxlsr.
1026 194 1145 232 mv.
1196 195 1267 231 Ac
1311 194 1620 231 surnmur.
1664 190 1793 232 BEV.
2053 169 2169 229 133

130 336 267 396 332.
313 339 456 411 Quae
500 337 738 419 quidem
781 335 1013 407 omnia,
1060 333 1140 392 sic
1182 332 1391 393 leviter
1432 335 1817 409 adumbrata,
1878 334 2171 392 coronidis

46 433 227 511 gratia
258 432 449 514 placet
477 431 703 491 duobus
736 430 1106 511 aliquantum
1132 426 1374 507 prolixis
1400 429 1750 488 testimoniis
1786 431 1841 488 S.
1868 429 2171 508 Augustini

47 546 372 607 exponere,
411 525 620 608 quibus
670 525 792 585 sive
828 533 1060 605 partem
1099 520 1480 579 theoreticam
1515 523 1638 581 sive
1673 525 1990 603 practicam
2031 523 2171 584 reli-

47 621 231 700 gionis
259 622 582 680 christianae
609 640 730 676 non
757 617 953 675 minus
977 636 1116 675 vere
1142 636 1320 696 quam
1354 614 1651 694 eleganter
1673 617 1799 696 ipse
1826 619 2168 700 complexus

47 728 154 776 est.
186 717 276 776 Sic
296 737 434 778 vero
455 713 652 773 scribit
675 714 734 771 in
757 711 904 770 libro
933 713 1021 770 De
1048 732 1188 769 vera
1214 712 1501 790 reliyione
1530 709 1695 792 (cap.
1716 712 1796 769 III
1826 723 1885 770 et
1910 734 2073 795 seqq.
2096 714 2119 794 )
2147 739 2163 773 :

46 812 119 868 Si
158 812 333 869 Plato
374 814 500 889 ipse
540 812 761 866 viveret
801 818 859 865 et
903 827 998 865 me
1032 812 1499 885 interroqantem
1548 825 1670 862 non
1710 818 2182 883 aspernaretur,

46 908 137 963 vel
158 908 401 985 potius,
424 907 483 962 si
505 907 644 982 quis
671 906 799 980 ejus
825 903 1168 981 discipulus
1191 922 1252 959 eo
1278 904 1408 980 ipso
1441 910 1692 978 tempore
1707 941 1729 971 ,
1758 921 1873 978 quo
1904 902 2170 974 vivebat,

46 1021 182 1059 eum
209 1004 632 1078 interrogaret,
659 1019 799 1056 cum
820 999 948 1056 sibi
971 999 1048 1055 ab
1076 998 1178 1054 illo
1192 996 1702 1076 persuaderetur,
1726 1015 1851 1054 non
1874 1001 2174 1075 corporeis

46 1098 232 1153 oculis
247 1136 270 1165 ,
303 1095 406 1152 sed
419 1114 588 1172 pura
619 1103 810 1151 mente
834 1097 1141 1150 veritatem
1164 1093 1364 1150 videri
1373 1094 1416 1165 ,·'
1435 1095 1543 1149 eui
1564 1111 1935 1169 quoeeunque
1958 1095 2172 1150 anima

44 1190 402 1260 inlice-sisset,
430 1210 564 1247 eam
595 1190 831 1246 beatam
854 1189 997 1267 fieri
1025 1198 1199 1266 atque
1232 1189 1610 1267 perfectam,
1640 1187 1727 1244 ad
1748 1207 1938 1265 quam
1961 1191 2171 1265 perci-

41 1286 333 1364 piendam
352 1285 519 1341 nihil
541 1288 738 1362 maqis
765 1283 1058 1361 impedire
1078 1304 1266 1361 quam
1299 1286 1490 1340 vitam
1512 1282 1878 1339 libidinibus
1905 1282 2177 1341 deditam·

45 1390 101 1438 et
127 1381 321 1457 falsas
351 1382 643 1458 imaqi'nes
667 1398 878 1436 rerum
902 1378 1318 1449 sensibilium,
1350 1398 1486 1456 quoe
1515 1377 1690 1435 nobis
1726 1377 1810 1434 ab
1833 1377 1936 1436 hoc
1969 1380 2168 1436 sensi-

47 1476 166 1533 bili
199 1475 427 1532 mundo
459 1495 579 1553 per
608 1493 828 1552 eorpus
871 1476 1178 1551 impressoe
1235 1477 1443 1531 varias
1482 1474 1794 1551 opiniones
1830 1492 2174 1552 erroresque

39 1578 399 1647 generarent
408 1591 428 1634 ‚·
461 1568 851 1646 quamobrem
874 1567 1227 1626 sanandum
1254 1589 1369 1626 esse
1396 1569 1683 1626 animum
1707 1568 1794 1626 ad
1807 1568 2172 1626 intuendam

45 1665 597 1722 incommutabilem
626 1685 838 1722 rerum
860 1666 1133 1742 formam
1150 1709 1166 1730 ,
1209 1674 1264 1721 et
1288 1664 1483 1722 eodem
1510 1663 1680 1721 modo
1706 1684 1938 1742 semper
1973 1685 2031 1722 se
2059 1664 2174 1722 lia-

44 1762 274 1820 bentem
290 1804 311 1832 ,
350 1771 526 1838 atque
564 1761 833 1839 undique
863 1764 969 1819 sui
995 1762 1257 1818 similem
1281 1761 1852 1840 pulchritudinem,
1892 1781 2000 1819 nec
2035 1761 2171 1819 dis—

47 1866 272 1914 tentam
300 1857 440 1913 locis
465 1876 568 1914 nee
600 1866 855 1935 tempore
882 1861 1227 1928 variatam,
1260 1856 1365 1914 sed
1391 1878 1589 1914 unum
1615 1865 1794 1934 atque
1816 1856 1977 1915 idem
2006 1862 2180 1915 omni

48 1971 120 2008 ea·
144 1960 326 2028 parte
364 1960 739 2022 servantem,
774 1973 962 2029 quam
1002 1971 1124 2009 non
1169 1952 1476 2010 crederent
1521 1960 1641 2010 esse
1678 1952 1986 2023 homines,
2033 1973 2177 2010 cum

47 2052 182 2126 ipsa
213 2068 344 2106 vere
367 2068 712 2126 summeque
740 2052 852 2114 sit,·
891 2058 1084 2106 cetera
1119 2052 1320 2123 nasci,
1354 2050 1613 2107 occidere
1636 2093 1657 2121 ,
1681 2048 1912 2124 fluere,
1952 2051 2083 2107 labi
2116 2058 2175 2108 et

46 2153 243 2200 tamen
274 2147 343 2200 in
370 2153 674 2220 quantum
695 2153 879 2214 sunt,
910 2144 993 2201 ab
1021 2145 1123 2201 illo
1155 2152 1376 2201 oeterno
1406 2145 1528 2202 Deo
1554 2165 1673 2222 per
1693 2148 1822 2222 ejus
1857 2148 2167 2202 veritatem

35 2239 351 2311 fabricata
378 2248 644 2296 constare
658 2261 678 2304 ,·
707 2241 777 2296 in
804 2239 1027 2316 quibus
1054 2241 1281 2296 animoe
1316 2249 1556 2297 tantum
1583 2241 1878 2297 rationali
1910 2249 1967 2297 et
1987 2241 2167 2298 intel-

44 2335 287 2392 lectuali
306 2333 521 2391 datum
546 2343 662 2405 est,
682 2343 752 2390 ut
767 2338 895 2411 ejus
910 2338 1268 2393 aeternitatis
1285 2336 1776 2414 contemplatione
1789 2337 2170 2413 perfruatur

46 2440 221 2507 atque
274 2429 577 2507 afficiatur
632 2439 991 2508 orneturque
1042 2451 1113 2487 ea
1156 2451 1263 2502 ea,
1308 2441 1712 2509 aeternamque
1755 2434 1946 2489 vitam
1979 2433 2177 2509 possit

48 2529 270 2583 mereri
284 2548 303 2591 ;
329 2526 432 2583 sed
454 2525 604 2583 dum
627 2528 1008 2583 nascentium
1035 2535 1213 2604 atque
1241 2529 1694 2584 transeuntium
1729 2546 1941 2584 rerum
1968 2547 2172 2584 amore

49 2640 123 2678 ao
152 2620 345 2678 dolore
373 2624 696 2679 sauciatur
732 2621 934 2678 dedita
970 2622 1401 2679 consuetudini
1431 2623 1612 2699 liujus
1650 2626 1790 2680 vitoe-
1826 2632 2005 2699 atque
2036 2642 2173 2678 sen-

51 2716 218 2773 sibus
254 2718 516 2793 eorporis
546 2716 844 2773 inanibus
876 2720 1173 2775 evanescit
1197 2718 1579 2796 imayinibus
1592 2759 1613 2787 ,
1647 2717 1870 2774 irridet
1906 2736 2030 2786 eos,
2062 2718 2174 2793 qui

51 2812 270 2871 dicunt
300 2832 415 2868 esse
467 2811 739 2887 aliquid,
788 2812 951 2889 quod
993 2833 1096 2869 nec
1136 2814 1271 2869 istis
1320 2812 1602 2869 videatur
1641 2812 1862 2881 oculis,
1913 2831 2020 2868 nec
2053 2811 2172 2869 ullo

42 2906 468 2983 phantasmate
486 2908 775 2985 coqitetur
784 2948 806 2976 ,
837 2906 941 2963 sed
952 2917 1140 2965 mente
1156 2908 1278 2964 sola
1299 2917 1355 2963 et
1373 2907 1771 2985 intelliqentia
1787 2910 1958 2964 cerni
1967 2916 2167 2985 queat.

61 3001 214 3060 Cum
249 3003 372 3059 lzoec
413 3022 544 3081 erqo
577 3023 617 3059 a
657 3004 941 3081 maqistro
978 3003 1104 3061 sibi
1135 3003 1683 3081 persuaderentur,
1723 3006 1780 3060 si
1809 3023 1880 3060 ea*
1916 3023 1977 3060 eo
2007 3025 2174 3080 quoe-

58 3106 212 3152 reret
242 3098 339 3154 ille
369 3088 746 3177 discipulus,
786 3109 1002 3155 utrum
1038 3102 1097 3156 si
1124 3104 1444 3177 quisquam
1480 3101 1753 3156 existeret
1786 3102 1885 3157 vir
1914 3119 2175 3177 maynus

59 3201 234 3269 atque
266 3192 546 3264 divinus,
582 3196 692 3272 qui
722 3195 873 3251 talia
902 3195 1150 3272 populis
1173 3193 1569 3272 persuaderet
1601 3193 1896 3251 credenda
1926 3195 2171 3265 saltem,

58 3291 117 3344 si
142 3289 451 3367 percipere
488 3308 610 3346 non
647 3290 947 3359 valerent,
995 3299 1107 3345 aut
1146 3293 1204 3346 si
1244 3292 1357 3365 qui
1394 3299 1635 3367 possent
1658 3292 2003 3366 percipere,
2054 3308 2176 3345 non

49 3387 266 3461 pravis
299 3385 689 3461 opinionibus
727 3385 1149 3443 multitudinis
1193 3386 1534 3462 implicati,
1577 3385 1935 3463 vulqaribus
1963 3384 2180 3442 obrue-

62 3488 277 3536 rentur
327 3480 673 3552 erroribus,
716 3502 853 3539 eum
898 3481 1130 3539 divinis
1173 3480 1502 3537 bonoribus
1543 3480 1803 3559 diqnum
1825 3479 2178 3556 judicaret;

65 3574 466 3653 responderet,
513 3576 713 3648 eredo,
761 3578 898 3648 ille,
938 3597 1057 3634 non
1094 3596 1258 3655 posse
1300 3575 1405 3634 hoc
1447 3576 1526 3634 ab
1572 3576 1808 3633 homine
1842 3575 2016 3653 fieri,
2052 3577 2184 3632 nisi

65 3688 236 3746 quem
275 3673 430 3749 forte
459 3673 597 3751 ipsa
630 3672 748 3731 Dei
775 3676 975 3731 virtus
1011 3681 1187 3750 atque
1216 3674 1519 3751 sapientia
1545 3672 1623 3729 ab
1650 3674 1787 3751 ipsa
1813 3690 2025 3729 rerum
2064 3690 2183 3729 na·-
