2554 4140
315 45 436 105 232
947 64 1015 102 mi
1058 64 1204 104 VERA
1248 64 1367 101 nm.
1420 65 1551 105 Anv.
1602 64 1800 102 neren.

317 205 644 269 et‘visibilis
671 214 778 264 est.
809 207 1000 278 Quare
1028 229 1150 265 non
1166 206 1355 266 solum
1379 208 1676 266 internam
1695 205 1871 265 fidem
1892 251 1908 280 7
1939 208 2040 268 sed
2059 218 2119 286 et
2134 221 2435 271 externam

316 303 453 361 fidei
490 300 912 382 professionem
942 300 1204 361 Christus
1245 301 1319 361 ab
1354 300 1692 362 hominibus
1721 302 1980 384 exposcit
2007 325 2022 361 t
2060 304 2184 383 Qui
2204 308 2437 386 eonfite-

315 398 487 454 Μίαν
538 417 634 455 me
689 417 895 455 coram
957 398 1304 457 hominihus
1319 441 1339 469 ,
1398 399 1592 479 inquit
1614 443 1630 473 7
1687 398 2001 475 confitebor
2058 409 2112 456 et
2164 421 2260 479 eqo
2301 422 2440 460 eum

315 512 522 550 eoram
554 496 740 551 Patre
774 514 899 551 meo
914 516 936 559 ,·
971 498 1155 573 etqui
1186 496 1503 553 erubuerit
1534 516 1627 552 me
1649 505 1705 552 et
1727 515 2023 554 sermones
2051 516 2207 554 meos
2237 516 2441 555 coram

318 589 700 657 hominihuS,
737 591 1080 648 erubescam
1104 600 1158 647 et
1184 611 1282 670 eqo
1301 611 1442 650 eum
1472 611 1677 648 coram
1699 591 1886 649 Patre
1917 599 2042 650 'meo
2056 634 2078 663 ‚
2103 595 2217 670 qui
2238 595 2309 649 in
2332 611 2444 649 οω-

315 684 394 741 lis
411 694 495 741 esc
518 682 767 763 (Matth.
795 686 846 742 X
866 730 882 758 7
913 684 992 743 32
1009 686 1053 763 ).
1079 685 1149 743 Et
1173 685 1481 765 Apostolus
1505 685 1580 744 ad
1605 688 1893 744 Romanos
1915 709 1928 744 :
1971 687 2154 746 Corde
2174 687 2450 745 creditur

317 780 725 858 adjustitiam
749 822 771 852 ,
813 801 909 838 ore
943 791 1147 839 autem
1170 783 1454 858 confessio
1486 783 1557 861 fit
1578 783 1665 841 ad
1694 784 1944 841 salutem
1974 784 1997 862 (
2025 804 2152 864 cap.
2189 785 2272 858 X7
2306 783 2440 862 10).

319 873 594 955 Symbola
623 885 904 958 praeterea
941 885 1183 934 externa
1212 875 1352 956 ipsis
1387 875 1584 950 dedit,
1621 899 1836 960 nempe
1875 880 2250 938 Sacramenta
2284 924 2301 953 7
2340 899 2444 937 ex-

319 982 560 1031 ternum
588 970 992 1031 Sacerdotium
1019 981 1078 1028 et
1107 980 1382 1028 externos
1406 970 1741 1046 ministros3
1766 974 2122 1055 praescripsit
2150 985 2216 1032 ut
2243 994 2447 1032 omnes

320 1066 628 1127 obedirent
664 1066 989 1147 praepositis
1015 1065 1124 1124 sibi
1162 1067 1494 1148 pastoribus
1517 1111 1533 1140 7
1575 1077 1634 1126 et
1670 1069 1923 1128 vicissim
1946 1070 2219 1151 praecepit
2243 1081 2449 1151 pasto-

319 1161 485 1221 ribus
502 1206 519 1238 ,
549 1173 617 1220 ut
637 1172 947 1242 pascerent
974 1183 1210 1242 gregem
1238 1160 1347 1219 sibi
1372 1162 1781 1234 commissum3
1807 1162 1994 1223 voluit
2020 1176 2086 1222 ut
2116 1186 2318 1224 omnes
2342 1163 2451 1223 sub

322 1257 779 1317 comminatione
803 1268 1161 1317 aeternorum
1188 1257 1611 1340 suppliciorum
1640 1258 1716 1317 ad
1741 1257 2054 1318 Ecclesiam
2078 1259 2415 1319 accederent
2434 1304 2451 1335 7

324 1374 357 1413 e
392 1353 682 1413 contrario
711 1364 907 1414 autem
937 1352 1346 1414 inobedientes
1384 1365 1443 1414 et
1473 1355 1800 1437 pervicaces
1831 1356 1892 1413 in
1918 1355 2156 1437 proprio
2184 1376 2358 1414 sensu
2382 1353 2456 1413 ab

326 1449 533 1509 eadem
550 1449 986 1534 expellerentur
1008 1496 1023 1525 7
1057 1450 1287 1532 aliaque
1303 1449 1585 1528 ejusmodi
1604 1475 1619 1530 3
1647 1472 1776 1532 quae
1795 1450 2032 1533 quidem
2058 1451 2253 1508 omnia
2277 1450 2460 1509 socie-

325 1556 512 1604 tatem
535 1546 794 1628 profecto
818 1545 1112 1608 visibilem
1140 1557 1201 1606 et
1224 1557 1530 1606 externam
1555 1557 1920 1627 supponunt.
1945 1547 2022 1605 Ut
2046 1567 2181 1627 ergo
2211 1545 2459 1606 Ecclesia

329 1640 543 1700 Christi
559 1643 881 1701 necessario
898 1654 987 1702 est
1005 1664 1124 1701 una
1144 1688 1160 1717 7
1188 1643 1268 1701 ita
1290 1643 1617 1702 necessario
1635 1641 1880 1703 visibilis
1901 1653 1988 1702 est
2004 1654 2180 1724 atque
2197 1653 2459 1702 externa.

416 1736 513 1796 64.
561 1738 642 1798 Ex
666 1737 874 1797 iisdem
909 1739 1210 1820 principiis
1248 1739 1431 1798 veluti
1459 1761 1561 1798 sua
1593 1750 1802 1820 sponte
1827 1740 2089 1821 sequitur
2110 1739 2326 1798 Christi
2354 1740 2466 1798 Εο-

330 1830 567 1891 clesiam
589 1844 938 1915 perpetuam
969 1855 1092 1893 esse
1117 1833 1333 1894 debere
1350 1880 1364 1908 7
1397 1856 1499 1893 seu
1524 1846 1813 1916 perpetuo
1836 1834 2200 1893 duraturam.
2233 1834 2467 1893 Etenim

332 1927 597 1987 Christus
632 1952 741 2011 pro
772 1930 1047 1989 omnibus
1085 1931 1330 1991 omnino
1354 1930 1695 1990 hominibus
1714 1977 1730 2006 7
1765 1952 1832 1991 ac
1861 1930 2112 2013 proinde
2147 1952 2256 2014 pro
2283 1929 2469 1989 homi-

333 2023 509 2083 nibus
546 2026 812 2085 omnium
837 2027 1099 2086 locorum
1131 2038 1190 2087 et
1222 2027 1562 2088 saeculorum
1583 2074 1597 2103 7
1629 2026 1971 2107 religionem
1994 2049 2159 2087 suam
2183 2025 2464 2100 instituit,

335 2140 401 2179 ac
436 2119 616 2179 fidem
654 2143 821 2180 suam
858 2123 1214 2183 credendam
1259 2125 1598 2205 proposuit3
1640 2122 1828 2183 voluit
1860 2134 1926 2181 ut
1962 2123 2169 2204 quovis
2204 2133 2468 2202 tempore

332 2214 599 2275 infideles
622 2262 639 2291 7
679 2216 889 2298 quibus
918 2214 1372 2278 annuntiaretlir
1397 2218 1776 2298 Evangelium
1800 2264 1815 2293 7
1856 2217 1932 2278 ad
1968 2217 2280 2278 Ecclesiam
2304 2237 2468 2276 acce·

338 2312 580 2387 derent,
624 2313 932 2398 eidemque
977 2327 1461 2396 aggregarentur7
1505 2327 1565 2373 et
1606 2316 1810 2396 quovis
1849 2327 2115 2396 tempore
2151 2314 2226 2374 ab
2264 2313 2470 2373 eadem

338 2407 776 2490 expellerentur
822 2423 1194 2486 contumaces
1249 2433 1313 2470 ac
1354 2409 1603 2471 rebelles
1629 2436 1645 2484 ς
1703 2410 1842 2468 hinc
1884 2431 2117 2492 semper
2158 2409 2471 2468 subsistere

340 2501 519 2562 debet
564 2504 814 2565 Ecclesia
854 2528 954 2566 seu
990 2507 1097 2565 ista
1139 2507 1415 2581 societas7
1468 2527 1647 2588 quam
1696 2505 1877 2565 semel
1917 2505 2182 2565 Christus
2216 2505 2472 2563 instituit

340 2599 403 2656 in
441 2601 707 2660 omnium
741 2600 967 2661 bonum
1003 2624 1069 2661 ac
1101 2602 1418 2662 utilitatem
1456 2602 1567 2682 (l).

425 2694 525 2754 65.
576 2696 727 2756 Cum
757 2719 896 2759 vero
919 2719 1026 2780 per
1049 2697 1360 2758 hominum
1394 2697 1804 2757 infirmitatem
1836 2696 1932 2757 vel
1958 2695 2242 2756 malitiam
2268 2716 2334 2755 ac
2356 2695 2471 2755 im-

408 2902 471 2966 (1)
510 2902 660 2969 Atque
673 2904 786 2953 hinc
803 2905 1032 2954 refellitur
1049 2905 1238 2954 illorum
1253 2923 1362 2955 sen-
1446 2907 1708 2954 eonstitutae
1731 2941 1745 2965 7
1794 2903 1982 2952 debebit
2033 2920 2094 2952 ne
2142 2901 2268 2951 Deus
2311 2919 2472 2950 eorum

341 2987 486 3033 tentia
507 2988 848 3034 neotericorum
870 3024 883 3047 7
909 2991 989 3054 qui
1027 2992 1127 3037 ausi
1152 2999 1262 3037 sunt
1286 2989 1358 3037 af·
1446 3003 1670 3052 perversae
1703 2986 1871 3052 agendi
1896 2996 1941 3034 et
1966 2984 2197 3033 sentiendi
2226 2986 2395 3032 rationi
2426 3002 2474 3034 se

340 3065 552 3127 firmare,
582 3067 820 3116 Christum
837 3088 933 3118 non
950 3073 1152 3135 potuisse
1170 3069 1362 3137 religio·
1445 3091 1492 3122 se
1518 3070 1858 3121 accomodare?
1886 3086 1995 3117 cum
2021 3079 2178 3117 tamen
2203 3068 2328 3132 apud
2362 3084 2471 3132 pro-

340 3165 450 3196 nem
471 3186 483 3208 ‚
507 3159 558 3197 ut
584 3161 775 3213 vocant,
799 3154 1065 3216 positivam
1098 3155 1357 3212 instituere,
1443 3156 1633 3221 phetam
1653 3155 1874 3217 scriptum
1904 3155 1963 3199 eit
1994 3169 2008 3199 τ
2043 3151 2170 3217 Quis
2203 3151 2296 3199 tibi
2317 3152 2478 3215 impu·

341 3247 396 3279 eo
427 3231 555 3297 quod
579 3231 677 3280 haec
710 3238 939 3283 contraria
971 3238 1030 3283 sit
1054 3237 1258 3283 hominis
1286 3239 1361 3283 in-
1444 3238 1600 3295 tabit,
1646 3237 1692 3282 si
1709 3234 1952 3299 perierint
1980 3235 2202 3281 nationes
2220 3269 2235 3296 7
2266 3248 2386 3296 quas
2415 3238 2468 3276 tu

342 3312 467 3368 doli,
493 3331 594 3379 quae
619 3314 679 3362 ad
706 3314 964 3365 libertatem
983 3318 1099 3366 adeo
1117 3335 1258 3383 prona
1273 3328 1354 3366 est.
1438 3319 1603 3383 fecisti
1618 3318 1651 3364 P
1682 3316 1840 3364 Posset
1878 3326 1923 3364 et
1953 3316 2027 3363 his
2074 3316 2227 3364 dicere
2258 3313 2470 3361 Christus

339 3396 393 3445 Id
420 3406 576 3445 tamen
606 3397 740 3462 plane
764 3398 1010 3448 ridiculum
1037 3411 1139 3464 est3
1170 3419 1279 3449 nam
1308 3419 1361 3449 eo
1445 3401 1705 3449 Dominus:
1726 3397 1983 3462 Numquid
2010 3406 2056 3445 et
2086 3414 2170 3446 voe
2197 3395 2340 3443 vultis
2361 3393 2470 3441 abi-

342 3480 469 3544 quod
502 3480 719 3529 nonnulli
763 3480 953 3530 rebelles
998 3499 1046 3530 se
1091 3483 1363 3532 submittere
1444 3482 1539 3531 re?
1554 3481 1771 3530 Praeterea
1786 3481 1864 3528 hic
1883 3480 2029 3529 obiter
2041 3478 2262 3537 monebo,
2281 3476 2466 3524 nullum

342 3561 598 3612 detrectant
637 3564 857 3630 legitimae
898 3569 1152 3615 auctoritati
1198 3585 1222 3614 a
1262 3566 1361 3614 Deo
1445 3560 1597 3630 majus
1614 3565 1763 3612 inesse
1789 3562 1972 3627 pondus
1989 3561 2067 3610 alii
2098 3561 2264 3609 rationi
2290 3594 2303 3617 ‚
2324 3571 2463 3623 quain
