2554 4140
315 100 438 160 202
973 121 1044 159 nn
1086 120 1238 163 VERA
1281 123 1404 162 am.
1450 123 1586 167 Anv.
1633 101 1787 166 inca.

400 265 540 324 441.
590 264 665 323 11.
721 263 869 324 Cum
906 284 1046 326 vero
1093 265 1354 327 Christus
1390 269 1522 328 finis
1566 269 1706 350 legis
1750 270 1862 347 sit,
1909 271 1986 331 ad
2028 293 2205 355 quem
2245 287 2305 338 et
2345 278 2441 339 lex

316 360 567 419 mosaica
615 370 675 419 et
716 359 1019 442 prophetae
1061 361 1430 440 referuntur,
1478 375 1537 425 et
1579 364 1790 447 quibus
1847 366 2108 428 Christus
2165 371 2440 433 adversus

314 454 548 514 Judaeos
585 477 717 514 suos
743 454 1009 516 divinam
1042 459 1446 540 comprobavit
1483 462 1822 522 missionem
1859 463 1949 543 (1)
1971 509 1986 539 ,
2029 485 2164 525 cum
2204 466 2444 549 insuper

313 552 530 612 veritas
563 574 687 611 non
716 553 828 611 nisi
860 575 975 613 una
1004 556 1080 613 sit
1105 600 1121 631 ‚
1151 577 1344 638 neque
1376 560 1597 640 opponi
1633 560 1817 638 possit
1843 559 2075 621 veritati
2104 561 2215 620 nisi
2240 584 2403 622 error
2425 608 2442 638 ‚

315 649 450 725 jure
483 647 623 708 inde
665 649 969 708 inferimus
1002 673 1016 710 ε

398 744 538 805 442.
591 746 653 804 10
684 746 893 807 Divina
921 747 1100 826 igitur
1124 748 1345 830 pariter
1373 759 1458 809 est
1488 750 1685 809 missio
1713 752 1887 810 Mosis
1922 763 1983 812 et
2017 752 2444 836 Prophetarum

313 840 378 898 in
403 841 598 900 Veteri
613 842 759 922 Lege
779 887 794 918 ‚
812 841 1060 924 ideoque
1081 852 1141 903 et
1167 842 1431 904 doctrina
1452 843 1526 904 ab
1553 845 1693 927 ipsis
1712 849 1817 907 Dei
1843 852 2084 908 nomine
2107 846 2449 908 hominibus

314 937 638 1019 proposita.

399 1032 540 1093 443.
587 1034 656 1090 20
697 1033 758 1092 Si
788 1032 1053 1093 Christus
1086 1035 1219 1093 finis
1245 1034 1356 1093 fuit
1388 1034 1529 1115 legis
1557 1079 1576 1110 ,
1616 1046 1791 1120 atque
1825 1040 1890 1099 in
1922 1041 2049 1122 ipso
2086 1041 2179 1101 lex
2216 1053 2276 1100 et
2312 1063 2444 1123 pro»

313 1127 510 1211 phetae
550 1150 723 1186 suum
767 1127 1270 1211 complementum
1308 1129 1683 1206 habuerunt,
1737 1154 1872 1213 ergo
1906 1136 2136 1215 Jamdiu
2171 1135 2445 1217 abrogata

313 1235 404 1285 est
434 1224 535 1285 lex
563 1225 811 1284 mosaica
832 1270 849 1301 ,
891 1247 1022 1307 quae
1048 1248 1173 1286 non
1195 1227 1305 1287 fuit
1331 1227 1444 1286 nisi
1468 1229 1817 1310 praeparatio
1840 1216 2109 1312 quaedam
2142 1232 2218 1291 ad
2248 1232 2446 1292 Chris·

312 1332 483 1395 tum3
522 1343 673 1383 vana
710 1321 959 1404 proinde
997 1344 1101 1405 spe
1140 1323 1328 1383 Judaei
1365 1345 1502 1383 eum
1539 1324 1957 1406 praestolantur
1999 1326 2301 1401 futurum
2347 1329 2448 1409 qui

306 1416 537 1495 jamdiu
567 1417 764 1492 venit·
798 1429 858 1477 et
899 1418 1059 1500 quod
1085 1439 1447 1502 consequens
1484 1430 1607 1494 est7
1651 1439 1903 1501 praesens
1933 1421 2273 1481 ,Iudaeorum
2306 1442 2450 1481 con—

315 1511 465 1571 ditio
491 1512 869 1573 ineluctabile
894 1526 1308 1595 argumentum
1335 1526 1423 1574 est
1446 1503 1696 1598 propriae
1721 1537 1923 1575 eorum
1944 1517 2237 1599 perfidiae,
2267 1518 2452 1578 adim·

315 1607 608 1690 plementi
690 1621 961 1670 veterum
1044 1610 1458 1672 vaticiniorum
1481 1656 1498 1686 ,
1587 1610 2032 1696 divinitatisque
2116 1613 2448 1674 christianae

311 1704 631 1785 religionis,

397 1800 538 1861 444.
590 1802 656 1861 30
698 1804 843 1884 Ergo
887 1806 1139 1887 pagani,
1205 1806 1518 1884 Islamitae‚
1564 1781 1764 1868 deistae
1792 1853 1809 1882 ‚
1863 1806 2149 1868 increduli
2192 1751 2445 1891 denique

315 1918 520 1958 omnes
549 1910 715 1959 extra
746 1901 1007 1961 veritatis
1038 1903 1310 1963 semitam
1339 1915 1670 1964 versantur.

395 1994 536 2054 445.
582 1995 649 2054 4⁰
689 1997 838 2056 Cum
876 2010 1257 2078 argumenta,
1302 2020 1430 2082 quae
1465 1999 1841 2060 deducuntur
1874 2022 1946 2061 ex
1994 2000 2328 2061 christianae
2360 2023 2451 2062 re·

313 2089 542 2169 ligionis
579 2094 999 2174 propagatione
1021 2140 1036 2169 .,
1078 2097 1520 2158 conservatione
1541 2108 1602 2156 et
1632 2097 1911 2178 martyrio
1935 2142 1951 2173 ‚
1983 2098 2219 2156 nonnisi
2255 2098 2317 2156 in
2345 2099 2453 2157 Ec-

314 2184 486 2245 clesia
513 2186 794 2247 catholica
819 2189 1198 2251 verificentur
1219 2236 1236 2266 ‚
1277 2203 1337 2251 et
1360 2203 1562 2252 tamen
1597 2191 1891 2271 obJectum
1919 2194 2038 2251 sint
2061 2192 2275 2252 Christi
2299 2214 2450 2272 prae-

313 2281 640 2342 dictionum
663 2329 680 2358 ,
718 2286 930 2344 merito
966 2286 1185 2367 pariter
1221 2287 1506 2364 infertur,
1548 2299 1679 2347 tum
1718 2288 2105 2348 heterodoxos
2143 2310 2212 2348 ea
2248 2309 2454 2370 urgere

310 2399 435 2437 non
462 2401 633 2461 posse
659 2380 938 2441 adversus
968 2381 1298 2442 incredulos
1319 2428 1335 2459 ,
1378 2384 1523 2465 quin
1545 2394 1799 2443 noceant
1826 2384 2074 2466 propriae
2105 2405 2290 2443 causae
2315 2384 2442 2466 (2);

311 2484 446 2547 tum
486 2475 674 2535 solam
708 2476 1022 2537 Ecclesiam
1057 2478 1405 2539 catholicam
1435 2480 1732 2561 integrum
1766 2480 2282 2540 Christianismum
2316 2502 2454 2540 con·

310 2571 587 2647 stituere,
628 2584 812 2633 sectas
848 2595 989 2635 vero
1015 2596 1139 2634 non
1183 2596 1307 2635 esse
1337 2575 1449 2634 nisi
1494 2575 1923 2635 Christianismi
1958 2576 2319 2657 fragmenta,
2363 2598 2454 2636 re·

309 2665 521 2749 liquias
546 2668 672 2731 sive
695 2681 1029 2751 segmenta,
1064 2692 1174 2732 nec
1203 2671 1343 2754 ipsis
1373 2670 1494 2730 ullo
1530 2671 1707 2732 modo
1738 2683 2072 2754 competere
2103 2693 2272 2754 posse
2304 2671 2451 2734 divi-

379 2901 455 2965 (1)
488 2902 631 2954 Conf.
661 2905 804 2956 Joan.
835 2924 890 2970 v,
922 2903 1022 2973 463
1050 2906 1167 2958 Luc.
1199 2924 1337 2970 xxiv,
1425 2907 1515 2957 sibi
1538 2911 1756 2975 proponit
1785 2915 2118 2975 argumentum
2146 2909 2241 2957 sive
2259 2908 2454 2958 difficul-

312 2978 400 3048 44·
1422 3002 1565 3041 tatem
1580 2995 1771 3059 petitam
1784 3010 1838 3041 ex
1850 2991 2193 3058 multiplicitate
2202 3000 2434 3040 sectarum
2444 3029 2457 3052 ‚

375 3067 448 3131 (2)
486 3067 682 3118 Nullum
727 3080 796 3120 est
840 3072 937 3122 fere
976 3084 1302 3139 argumentum
1323 3111 1337 3134 ,
1422 3076 1595 3138 haeret,
1631 3093 1719 3125 nec
1741 3075 1942 3141 amplius
1972 3074 2163 3124 Grotius
2178 3074 2453 3124 videtur.1d

311 3149 714 3214 quodheterodoxi
731 3170 892 3218 urgere
909 3154 1092 3204 valeant
1108 3155 1166 3204 ad
1180 3155 1343 3204 Chris·
1424 3163 1580 3226 ipsum
1606 3160 1801 3223 contigit
1833 3157 2045 3207 Abbadie
2065 3173 2079 3219 ;
2110 3159 2158 3206 id
2198 3160 2352 3223 ipsum
2376 3174 2451 3205 ce-

311 3236 518 3283 tianismi
533 3236 852 3287 defensionem
867 3279 884 3299 ,
912 3239 1038 3305 quod
1054 3258 1151 3289 non
1168 3250 1342 3305 pugnet
1426 3243 1534 3291 teris
1546 3241 1786 3290 omnibus.
1807 3238 1951 3289 Cons.
1969 3239 2128 3290 Gerdil
2148 3278 2160 3300 ‚
2182 3240 2373 3288 Dissert.
2397 3255 2450 3286 n.

311 3316 530 3366 adversus
574 3318 677 3366 illos
719 3336 803 3383 pro
846 3310 1075 3370 Ecclesiae'
1105 3322 1339 3370 catholicae

311 3403 522 3448 veritate.
553 3399 754 3448 Nullum
770 3404 898 3450 enim
921 3413 989 3452 est
1009 3443 1022 3465 ‚
1045 3405 1172 3470 quod
1192 3405 1341 3453 faveat

310 3482 663 3533 Christianismo
693 3486 896 3550 partiali.
940 3486 1093 3552 Quare
1133 3487 1205 3537 vel
1247 3491 1343 3554 ipse

313 3564 501 3617 Grotius
522 3606 536 3629 ,
569 3571 649 3635 qui
669 3569 943 3634 praeclarum
964 3588 1080 3636 opus
1098 3572 1245 3621 edidit
1261 3572 1344 3621 De

310 3651 510 3699 veritate
554 3651 805 3717 reliqionis
860 3652 1143 3703 christianas
1170 3691 1185 3710 ,
1232 3672 1342 3704 cum

1423 3324 1602 3389 Sayqio
1645 3320 1754 3369 dell’
1778 3338 1864 3370 uso
1895 3322 1980 3370 che
2001 3325 2049 3370 εἰ
2066 3325 2170 3388 pud
2184 3322 2292 3387 fare
2318 3337 2350 3368 a
2382 3319 2457 3366 la·-

1423 3424 1532 3456 vore
1562 3404 1686 3454 della
1712 3403 1946 3469 reliqione
1974 3403 2194 3453 cattolica
2223 3400 2347 3466 deyh‘
2370 3417 2454 3447 ar-

1421 3488 1635 3555 qomemi
1649 3487 1707 3534 ἀὲ
1724 3505 1745 3549 5
1781 3486 2082 3535 Protestanti
2098 3487 2313 3552 inprova
2331 3481 2455 3530 della

1425 3570 1726 3619 rivelazione
1755 3578 1917 3618 contro
1956 3565 2262 3634 ql'increduli
2286 3601 2301 3628 ,
2327 3565 2450 3631 Opp.

1428 3654 1540 3703 edit.
1570 3652 1708 3701 Rom.
1738 3662 1852 3702 tom.
1882 3668 1947 3701 xi.
