2554 4140
334 126 450 184 102
1001 146 1069 185 na
1112 146 1260 184 VERA
1303 146 1424 184 nm„
1476 149 1607 186 Anv.
1653 151 1808 188 mon.

330 307 451 355 tem
488 294 698 372 magiS‚
740 292 788 350 si
829 291 1110 351 miracula
1140 304 1200 352 et
1232 295 1505 355 vaticinia
1543 293 1618 354 ad
1648 296 1900 379 propriae
1939 298 2229 357 missionis
2261 310 2463 358 osten-

330 389 588 450 dendam
612 388 924 449 veritatem
949 387 1105 448 edita
1137 389 1289 464 sint,
1328 411 1463 450 cum
1491 390 1607 450 illis
1642 390 1916 451 omnibus
1952 391 2238 471 adjunctis
2258 440 2274 469 ,
2308 406 2466 455 tem-

330 485 490 566 poris
516 530 532 559 ,
578 483 689 543 loci
733 495 792 544 et
834 506 1224 566 personarum
1259 532 1275 562 ,
1343 486 1446 546 ubi
1502 488 1665 548 nulla
1723 489 1880 547 fraus
1913 534 1930 562 ,
1992 489 2190 548 nullus
2249 489 2415 549 dolus
2446 534 2463 565 ,

334 579 716 640 hallucinatio
751 580 915 640 nulla
954 603 1077 641 esse
1112 594 1214 641 aut
1251 584 1392 663 fingi
1428 586 1633 667 possit.
1675 586 1853 667 Atqui
1888 585 1967 644 ita
2009 585 2271 646 Christus
2305 585 2472 645 lucu-

329 675 653 737 lentissime
685 699 853 736 suam
881 700 912 737 a
950 680 1124 737 Patre
1153 678 1495 740 missionem
1526 681 1949 763 comprobavit.
1982 683 2167 760 Major
2195 692 2361 765 patet
2398 702 2472 741 ex

328 772 594 856 superius
617 772 952 854 disputatis,

409 867 552 927 244.
600 869 892 929 Minorem
917 889 1025 950 per
1051 879 1254 950 partes
1277 868 1628 930 evincimuS.
1666 873 1745 931 Ac
1777 873 1828 932 10
1860 871 2101 954 quidem
2123 871 2340 932 Christi
2368 872 2474 931 mi-

331 964 528 1025 racula
558 966 620 1024 1ο
652 986 762 1024 nec
785 985 969 1045 pauca
996 964 1239 1024 fuerunt
1257 1010 1273 1038 ,
1299 985 1409 1024 nec
1432 978 1698 1047 suspecta
1720 1012 1737 1042 ,
1766 966 1865 1029 vel
1891 969 1953 1027 in
1980 967 2203 1027 occulto
2221 978 2474 1050 patrata;

332 1063 553 1122 etenim
580 1061 646 1119 in
684 1060 860 1134 viciS,
908 1061 971 1118 in
1015 1059 1278 1143 templo,
1309 1061 1376 1119 in
1423 1059 1668 1120 urbibus
1704 1063 1910 1145 populi
1950 1064 2281 1147 frequentia
2322 1063 2476 1124 cele—-

328 1156 600 1217 berrimis
620 1202 637 1232 ,
676 1177 872 1215 coram
902 1156 1129 1235 ingenti
1154 1155 1539 1216 multitudine
1567 1156 1848 1239 pleraque
1867 1160 2208 1220 acciderunt
2231 1159 2473 1241 (Matth.

331 1254 439 1327 IV,
470 1252 586 1327 233
626 1253 748 1327 XI,
789 1252 827 1310 5
855 1297 872 1326 ,
917 1253 1027 1312 et'c.
1075 1252 1250 1312 Marc.
1290 1255 1350 1326 1,
1392 1251 1503 1327 323
1543 1253 1630 1327 ΙΙ,
1663 1253 1735 1327 3;
1771 1255 1911 1314 Luc.
1950 1256 2088 1330 VII,
2123 1257 2199 1314 12
2239 1268 2300 1315 et
2338 1255 2479 1315 alibi

331 1350 606 1432 passim).
639 1350 775 1409 Non
816 1348 994 1407 modo
1022 1370 1237 1432 genere
1276 1349 1383 1410 sed
1420 1350 1601 1409 etiam
1639 1348 1847 1432 opibus
1876 1371 1942 1409 ac
1975 1349 2259 1431 dignitate
2291 1350 2481 1431 incly-

334 1459 425 1506 tos
453 1448 609 1507 viros
643 1444 997 1528 quandoque
1021 1457 1414 1527 respexerunt
1450 1447 1707 1525 (Matth.
1754 1448 1918 1522 VIII,
1959 1447 2032 1521 53
2070 1450 2244 1507 Marc.
2290 1449 2364 1521 V,
2397 1449 2481 1507 22

336 1556 394 1603 et
433 1543 548 1617 253
595 1545 768 1602 Joan.
812 1543 922 1616 IV,
963 1542 1041 1601 46
1084 1553 1143 1601 et
1181 1541 1376 1621 alibi).
1417 1543 1645 1602 In‘tota
1685 1544 1923 1623 regione
1960 1545 2041 1602 sic
2078 1543 2252 1624 apud·
2274 1564 2482 1603 omnes

339 1640 629 1700 celebrata
668 1650 874 1713 erant,
911 1650 979 1698 ut
1018 1638 1114 1698 vel
1144 1638 1217 1699 de
1245 1639 1315 1697 iis
1346 1637 1700 1721 quandoque
1731 1638 1965 1720 publica
1997 1640 2227 1699 actione
2269 1640 2482 1721 quaesi-

338 1749 468 1796 tum
494 1736 569 1795 sit
599 1737 817 1817 (Joan.
865 1737 977 1810 IX,
1022 1735 1096 1794 13
1131 1746 1191 1795 et
1225 1735 1340 1810 XI,
1379 1735 1455 1795 47
1492 1746 1551 1794 et
1589 1757 1753 1818 seqq.
1781 1737 1844 1816 ).·‚
1886 1735 1979 1796 vel
2014 1737 2351 1818 principum
2392 1736 2483 1797 vi-

339 1856 543 1894 rorum
572 1831 859 1893 invidiam
879 1876 895 1906 ,
927 1831 1076 1911 regis
1106 1832 1500 1891 curiositatem
1535 1832 1924 1891 excitaverint
1948 1832 1970 1912 (
1993 1831 2203 1892 Matth.
2235 1834 2481 1907 XXVII,

342 1930 454 2003 183
487 1932 624 1989 Luc.
651 1930 871 2004 XXIII,
905 1929 1002 2009 8),
1037 1927 1183 1987 adeo
1205 1938 1299 2003 ut,
1328 1929 1375 1987 si
1405 1928 1547 2010 quid
1569 1929 1791 1988 fraudis
1816 1928 2118 2005 latuisset,
2147 1929 2348 1988 statim
2376 1940 2485 1988 eta

340 2025 732 2086 callidioribus
761 2024 988 2105 detegi,
1035 2036 1094 2083 et
1117 2026 1186 2084 iis
1210 2024 1556 2084 docentibus
1581 2025 1848 2106 patefieri
1877 2046 2116 2085 necesse
2142 2025 2346 2085 fuisset
2366 2024 2478 2105 (l).

422 2121 565 2180 245.
610 2122 678 2179 20
712 2120 1120 2200 Prodigiorum
1145 2120 1468 2180 multitudo
1502 2120 1874 2181 commodam
1915 2121 2093 2180 etiam
2124 2123 2482 2180 occasionem

345 2217 607 2278 veritatis
641 2216 1020 2300 explorandae
1053 2215 1504 2299 suppeditabat,
1544 2238 1608 2275 ac
1650 2238 1827 2276 omne
1870 2216 2229 2298 deceptionis
2263 2218 2486 2298 pericu-

344 2313 472 2372 lum
515 2312 686 2372 toties
729 2313 993 2391 repetitis
1048 2313 1270 2372 actibus
1327 2311 1703 2387 eliminabat,
1766 2334 1960 2371 unum
2019 2313 2218 2386 enim,
2264 2313 2327 2370 in
2370 2332 2486 2393 quo

344 2408 775 2490 praestigiatoris
813 2430 988 2491 opera
1028 2409 1397 2491 deprehensa
1434 2408 1670 2483 fuisset,
1714 2408 1940 2490 reliqua
1979 2420 2247 2490 suspecta
2280 2406 2485 2467 reddi—

346 2504 527 2564 disset
547 2550 563 2579 ,
596 2505 919 2586 praesertim
955 2526 1086 2563 cuin
1118 2504 1382 2563 Christus
1412 2505 1489 2563 ad
1526 2526 1691 2563 suam
1721 2504 2232 2586 comprobandam
2270 2504 2488 2563 missio-

346 2623 487 2660 nem
520 2599 620 2660 illa
648 2600 881 2677 ederet,
916 2613 975 2660 et
1019 2600 1095 2660 ad
1128 2623 1194 2660 ea
1228 2600 1588 2660 adversarios
1620 2623 1752 2660 suos
1788 2612 2135 2682 provocaret
2172 2600 2384 2682 (Joan.
2419 2601 2485 2676 V,

349 2697 461 2772 363
502 2700 591 2774 X,
623 2697 845 2776 37-383
885 2698 1095 2758 Matth.
1132 2699 1252 2770 XI,
1288 2698 1326 2756 4
1357 2710 1414 2758 et
1445 2697 1627 2779 alibi).

429 2795 571 2855 246.
619 2795 685 2855 3⁰
731 2794 1031 2871 Tandem,
1086 2800 1209 2874 ejus
1252 2794 1478 2875 generis
1524 2806 1693 2854 erant
1736 2806 1989 2871 eventa,
2037 2814 2165 2877 quae
2207 2815 2489 2852 sensuum

348 2892 687 2951 testimonio
716 2891 1146 2973 probarentur,
1196 2893 1277 2951 ita
1307 2903 1374 2950 ut
1413 2892 1756 2977 rurdissimus
1791 2893 2037 2975 quisque
2070 2913 2102 2951 e
2147 2890 2319 2971 vulgo
2359 2890 2490 2949 ido-

349 3009 494 3046 neus
538 3009 743 3046 eorum
785 2988 948 3046 testis
984 2999 1172 3061 esset,
1222 2986 1563 3047 morborum
1606 3010 1817 3067 genera
1860 3009 2108 3069 quaeque
2144 3008 2264 3045 uno
2303 2985 2484 3047 verbo

351 3081 591 3165 depulsa
611 3127 627 3156 ,
660 3081 1067 3141 membrorum
1100 3082 1363 3165 perditus
1399 3106 1535 3143 usus
1565 3084 1891 3144 innumeris
1920 3081 2262 3142 hominibus
2293 3080 2483 3140 reddi-

351 3192 447 3239 tus
469 3226 485 3254 ,
525 3181 743 3240 mortui
776 3180 850 3239 ad
881 3181 1067 3242 vitam
1091 3182 1386 3255 revocati,
1428 3204 1492 3241 ac
1524 3181 1808 3261 ejusmodi
1836 3180 2103 3264 prodigia
2137 3179 2490 3263 quandoque

348 3276 528 3335 etiam
563 3277 627 3335 in
657 3275 989 3337 absentium
1018 3277 1369 3337 beneficium
1398 3290 1664 3360 patrata,
1705 3300 1866 3359 ergo,

436 3371 556 3432 247
567 3419 579 3431 .
631 3372 711 3431 110
743 3372 912 3446 Quod
939 3395 1077 3434 vero
1100 3374 1312 3434 attinet
1326 3373 1396 3433 ad
1415 3375 1778 3457 prophetiaS,
1811 3395 1889 3435 eae
1912 3376 2130 3459 pariter
2152 3394 2259 3434 nec
2299 3392 2496 3455 paucae

358 3479 497 3528 sunt
517 3513 534 3544 ,
562 3489 755 3550 neque
785 3467 1039 3531 obscurae
1064 3516 1079 3546 ,
1121 3470 1224 3530 sed
1255 3481 1473 3553 apertae
1511 3492 1576 3530 ac
1600 3470 1857 3532 definitae
1879 3517 1894 3546 ,
1928 3492 2176 3554 quaeque
2209 3467 2302 3531 vel
2333 3489 2499 3527 com-

430 3661 499 3724 (Ι)
535 3660 681 3710 Cons.
698 3659 950 3726 Spedalieri
970 3698 983 3721 ,
1005 3678 1083 3727 op.
1102 3664 1182 3710 cit.
1208 3679 1309 3728 cap.
1331 3662 1380 3724 3,
1417 3673 1505 3712 art.
1541 3660 1590 3723 3,
1620 3658 1672 3724 4,
1706 3659 1756 3724 5,
1777 3658 1830 3711 6.
