2554 4140
306 122 433 186 324
861 199 865 205 s
951 143 1021 180 nn

1067 140 1219 181 VERA
1261 142 1380 181 REI„
1428 142 1561 182 ADV.
1613 146 1809 185 HETBR.

313 312 452 352 vero
492 285 859 347 contrarium
904 286 1149 344 omnino
1191 297 1389 347 tamen
1434 287 1718 369 produci,
1762 290 2081 348 minimum
2122 294 2336 355 scilicet
2383 316 2447 354 ac

312 405 465 467 pene
505 379 738 439 nullum
778 402 848 439 ex
885 381 1260 442 missionibus
1308 385 1802 460 protestantium,
1845 387 2173 445 maximum‘
2217 411 2355 449 vero
2389 402 2449 451 et

308 498 637 560 perennem·
675 475 894 557 ubique
949 476 1215 536 locorum
1267 501 1337 538 ex
1382 479 1755 539 missionibus
1802 481 2271 560 Catholicorum3
2315 507 2448 564 ergo

309 575 483 651 hujus
515 572 867 631 discriminis
904 573 1051 631 ratio
1089 596 1122 632 a
1159 595 1330 633 causa
1366 576 1799 657 supernaturali
1831 578 2020 659 repeti
2058 576 2270 651 debet3
2318 581 2452 660 quia

301 690 527 751 nempe
558 668 666 727 soli
701 667 963 728 Ecclesiae
1001 669 1299 730 catholicae
1335 692 1367 730 a
1403 671 1633 730 Christo
1661 674 1840 754 ipsius
1883 673 2195 740 fundatore
2229 673 2453 733 dictum

306 778 395 826 est
427 787 442 823 ε
491 766 727 825 Euntes
760 766 986 830 docete,·
1026 767 1203 824 Sicut
1225 772 1395 851 misit
1427 789 1520 826 me
1544 773 1730 826 Pater
1759 781 1814 826 et
1839 791 1935 849 690
1961 776 2128 845 mitto
2165 791 2296 838 vos,·
2321 771 2452 851 qu

299 867 486 942 posui
501 883 616 931 vos,
636 864 995 940 utfructum
1016 863 1285 940 afferatis
1299 908 1315 930 ,
1337 873 1392 919 et
1406 866 1658 940 fructus
1673 875 1858 923 vester
1876 876 2128 923 maneat
2141 886 2160 933 ;
2188 865 2454 925 Faciam

296 983 406 1020 vos
436 963 577 1040 fieri
599 964 933 1039 piscatores
966 955 1282 1017 hominum
1302 979 1322 1027 ‚·
1364 960 1520 1018 Ecce
1545 983 1644 1040 eqo
1683 963 1991 1020 vobiscum
2024 985 2182 1021 sum.
2236 964 2453 1022 Contra

307 1078 448 1118 vero
492 1055 746 1114 haeretici
796 1075 915 1111 non
955 1064 1096 1111 sunt
1136 1055 1207 1111 de
1248 1074 1472 1133 genere*>
1504 1060 1782 1115 virorum
1825 1061 2123 1128 illorum,
2162 1082 2281 1138 per
2309 1080 2455 1140 quos

298 1155 471 1212 salus
499 1155 673 1229 facta
698 1160 782 1207 est
806 1152 877 1206 in
903 1149 1132 1214 Israel;
1160 1148 1232 1207 de
1260 1149 1399 1232 ipsis
1430 1151 1719 1232 scriptum
1747 1162 1834 1211 est
1871 1175 1899 1215 z.
1918 1154 2130 1213 Nescio
2162 1177 2258 1214 vos
2274 1180 2291 1221 ;
2319 1159 2452 1215 Non

302 1251 446 1307 novi
460 1267 591 1312 vos;
616 1246 918 1305 Discedite
939 1267 978 1303 a
997 1267 1088 1303 me
1106 1249 1381 1325 operarii
1401 1249 1790 1325 inz‘quitatz's,·
1816 1248 2024 1307 Scribe
2044 1255 2243 1309 virum
2267 1257 2453 1311 istum

291 1344 594 1407 sterilem
633 1362 733 1399 seu
756 1386 771 1415 7
809 1340 968 1422 quod
1007 1340 1166 1399 idem
1206 1353 1295 1400 est
1332 1364 1345 1399 ε
1390 1340 1605 1401 Eadem
1640 1343 1870 1402 ratione
1901 1365 2014 1425 qua
2038 1346 2190 1425 jugis
2223 1346 2452 1405 foecun-

292 1441 453 1500 ditas
493 1438 761 1499 Ecclesiae
796 1438 1093 1497 catholicae
1132 1451 1220 1498 est
1254 1452 1672 1519 argumentum
1706 1440 2083 1500 ineluctabile
2116 1440 2329 1501 divinae
2357 1444 2451 1524 ip-

300 1539 421 1596 sius
445 1535 841 1595 institutionis
873 1556 939 1593 ac
968 1536 1121 1615 jugis
1163 1535 1381 1597 divinae
1422 1536 1841 1617 protectionis7
1880 1537 1960 1595 ita
1991 1537 2270 1596 sterilitas
2308 1540 2452 1597 Pro-

304 1633 662 1693 testantismi
702 1632 765 1689 in
803 1632 920 1689 suis
957 1631 1332 1692 missionibus
1380 1632 1537 1714 apud
1583 1631 1850 1692 infideles
1889 1655 2114 1693 novum
2150 1644 2239 1715 est
2274 1634 2453 1716 ipsius

304 1729 571 1789 falsitatis
596 1737 1038 1808 argumentum.
1074 1726 1244 1801 Quod
1282 1740 1407 1787 erat
1443 1728 1996 1790 demonstrandum.

387 1826 531 1884 251.
590 1826 783 1905 Atque
799 1844 869 1882 ex
890 1822 981 1882 his
999 1824 1266 1905 sequitur
1287 1826 1349 1882 10
1364 1824 1821 1906 imputationem
1846 1825 2008 1884 illam
2021 1828 2452 1906 proselytz‘smi‚

302 1927 483 2006 quam
514 1921 683 1980 toties
718 1923 1117 1980 protestantes
1143 1919 1441 1980 catholicae
1469 1921 1733 1981 Ecclesiae
1762 1921 2012 2000 objicere
2042 1922 2265 1994 solent,
2303 1943 2454 2004 prae-

305 2019 696 2079 clarissimum
734 2039 860 2076 esse
896 2016 1306 2075 testimonium
1326 2016 1727 2077 foecunditatis
1748 2030 1807 2078 et
1830 2018 2023 2098 gloriae
2052 2019 2318 2097 ejusdem
2347 2019 2454 2077 Ec-

297 2116 525 2190 clesiae,
563 2136 626 2174 ac
657 2113 875 2172 nullius
902 2113 1027 2195 spei
1063 2112 1542 2195 incredibilisque
1573 2113 1896 2174 sterilitatis
1923 2137 2053 2196 quae
2090 2116 2243 2173 inest
2284 2114 2453 2174 sectis

304 2210 584 2272 omnibus
640 2207 1146 2292 protestantibu33
1207 2209 1458 2289 proinde
1502 2211 1641 2292 ipsae
1684 2233 1821 2270 cum
1864 2210 2107 2272 videant
2149 2211 2344 2269 irritos
2389 2231 2453 2269 ac

303 2311 508 2369 inanes
553 2307 694 2366 esse
738 2327 870 2364 suos
931 2327 1136 2364 omnes
1191 2317 1435 2364 conatus
1480 2317 1540 2365 et
1583 2306 1879 2367 infelicem
1934 2308 2158 2366 exitum
2215 2327 2453 2365 suarum

304 2406 650 2465 missionum
674 2447 689 2476 a
746 2401 970 2460 invidia
1034 2401 1474 2481 quodammodo
1528 2401 1868 2479 tabescunt,
1927 2414 1986 2462 et
2030 2403 2181 2463 illud
2224 2402 2452 2461 crimini

305 2512 551 2565 vertunt
588 2497 854 2559 Ecclesiae
901 2496 1228 2573 catholicae,
1277 2496 1437 2578 quod
1477 2497 1621 2580 ipsae
1659 2499 1981 2579 attingere,
2023 2498 2159 2558 licet
2195 2498 2448 2557 maxime

305 2599 528 2671 velint,
564 2595 808 2655 omnino
838 2616 961 2653 non
994 2604 1243 2675 possunt
1266 2594 1378 2674 (l).

376 2765 440 2828 (1)
460 2763 546 2812 Hic
561 2765 692 2830 juvat
708 2777 945 2810 recensere
962 2761 1137 2821 media,
1160 2760 1335 2827 quibus

307 2858 505 2897 utuntur
532 2845 838 2894 protestantes
857 2880 874 2906 ‚
906 2846 988 2910 qpi
1012 2854 1232 2892 accusant
1257 2862 1335 2893 ca—

310 2932 531 2980 tholicam
577 2927 832 2978 Ecclesiam
866 2925 1200 2993 proselytismi
1225 2964 1238 2988 ,
1278 2927 1337 2975 ad

306 3018 516 3080 proprias
553 3022 696 3062 sectas
738 3011 973 3076 augendas
998 3046 1011 3070 ,
1061 3029 1143 3059 seu
1186 3013 1338 3075 potius

305 3096 649 3163 procurandam
696 3094 1003 3142 desectionem
1034 3091 1093 3140 ab
1132 3091 1337 3141 Ecclesia

306 3182 551 3240 catholIca‚
583 3179 692 3239 vel,
717 3180 753 3226 si
783 3187 942 3242 agatur
967 3177 1026 3226 de
1046 3176 1335 3236 infidelibus,

307 3264 366 3314 ad
396 3261 747 3327 impediendum
772 3297 786 3319 .,
822 3278 883 3308 ne
905 3259 964 3308 ad
990 3277 1093 3309 eam
1111 3262 1337 3309 veniant:

316 3357 364 3396 1⁰
403 3346 658 3394 Jubilaeum
694 3344 1056 3392 resormationis.
1093 3350 1147 3389 2⁰
1177 3339 1338 3391 Anni·

307 3430 562 3481 versarium
578 3426 919 3474 reformationis
935 3425 1128 3476 festum.
1151 3424 1207 3473 3⁰
1223 3424 1338 3472 Mis-

310 3518 461 3563 siones
486 3510 610 3577 apud
645 3508 858 3557 infideles
876 3546 889 3567 ,
923 3518 968 3556 et
989 3511 1123 3574 juxta
1157 3507 1337 3573 profes-

1423 2780 1538 2828 pum
1563 2780 1699 2811 suum
1723 2763 2004 2811 confitentur
2023 2761 2058 2822 ).
2090 2760 2145 2825 4⁰
2161 2761 2375 2810 Instituta
2394 2759 2453 2810 ad

1424 2846 1760 2894 convertendos
1790 2845 1976 2894 Judaeos
1996 2883 2008 2906 ‚
2029 2845 2090 2893 ad
2109 2843 2235 2911 quod
2261 2862 2376 2909 opus
2396 2844 2452 2893 ab

1425 2946 1517 2976 una
1550 2938 1731 2976 tautum
1759 2945 1812 2975 ex
1848 2927 2149 2977 societatibus
2182 2925 2455 2976 Londinen-

1425 3010 1556 3059 sibus
1583 3011 1831 3076 quotannis
1849 3026 2043 3076 90‚ooo
2077 3012 2265 3058 nummi
2286 3012 2451 3058 scutati

1427 3090 1649 3158 (thalari)
1667 3092 2025 3156 impenduntur.
2048 3089 2101 3139 5ο
2124 3090 2374 3139 Societates
2388 3090 2456 3138 bi·

1424 3176 1555 3225 blicae
1606 3184 1652 3223 et
1694 3176 2041 3239 propagationes
2060 3211 2073 3234 ‚
2125 3174 2295 3240 quibus
2343 3173 2453 3221 addi

1426 3259 1599 3308 debent
1632 3260 1871 3306 innumeri
1913 3259 2132 3306 emissarii
2169 3256 2344 3323 ubique
2378 3255 2451 3304 lo-

1426 3360 1588 3392 corum
1613 3379 1625 3400 ‚
1659 3343 1739 3407 qui
1767 3358 1955 3388 causam
1985 3340 2351 3390 Protestantismi
2383 3337 2453 3387 vel

1426 3424 1691 3473 clanculum
1710 3423 1783 3470 vel
1820 3433 1976 3487 aperte
2004 3425 2134 3470 omni
2160 3432 2328 3470 conatu
2352 3436 2456 3484 pro-

1429 3515 1634 3554 movent.
1673 3502 1729 3552 6⁰
1757 3505 1975 3553 Studium
2006 3501 2267 3569 occupandi
2295 3501 2452 3549 cathe-

310 3615 462 3646 sorem
482 3595 641 3644 Elvers
662 3592 755 3653 ‚ad
781 3590 1157 3655 impugnandum
1177 3590 1349 3638 Catho-
1434 3589 1538 3637 dras
1585 3590 1636 3635 in
1698 3586 1939 3636 catholicis
1988 3583 2362 3636 universitatibus
2411 3592 2456 3630 et

309 3682 542 3729 licismum
575 3676 769 3742 (saltem
792 3674 1045 3741 aliquando
1070 3691 1231 3726 verum
1247 3691 1351 3722 sco-
1435 3671 1623 3721 scholis.
1673 3678 1723 3735 7⁰
1757 3669 2058 3719 Domicilium
2099 3671 2150 3717 in
2189 3665 2456 3732 regionibus
