2554 4140
766 171 888 209 cn.
938 169 996 207 11.
1042 169 1110 204 mi
1155 168 1374 207 uncus&
1422 167 1551 207 REV.
2143 147 2220 207 39

108 326 265 376 stant
282 359 300 390 ,
334 313 583 373 alterum
605 311 920 391 negligunt.
949 307 1039 383 Ad
1065 306 1239 365 Prob.
1268 309 1464 365 παῖδας
1487 318 1628 366 esset
1657 311 2024 388 arroyantiae
2047 351 2070 380 ,
2109 325 2219 368 etc.

111 411 274 471 Idem
304 421 428 469 esto
455 426 834 489 responsum,
873 400 1124 461 addatur
1145 421 1265 458 non
1294 400 1435 479 fingi
1458 422 1491 458 a
1514 401 1683 461 nobis
1711 402 2220 485 supernaturalem

110 527 175 566 ac
203 502 617 564 miraculosum
641 507 921 562 eventum
942 538 960 569 ,
992 498 1154 572 cujus
1177 503 1334 554 certa
1365 492 1634 574 quaedam
1669 507 1808 555 nota
1836 497 2227 557 demonstrari

112 601 351 661 omnino
398 603 650 679 nequeat
668 637 685 666 ,
722 589 823 650 sed
867 589 1044 671 plane
1095 587 1486 648 demonstrari
1505 631 1522 660 ,
1564 599 1743 669 prout
1773 590 2078 652 evidenter
2111 614 2228 674 pa-

111 694 264 756 tebit
292 740 308 769 ,
363 713 494 752 cum
534 706 725 748 sermo
766 684 877 744 erit
919 684 994 743 de
1039 681 1412 746 revelationis
1455 682 1764 742 existentia
1785 727 1802 758 ,
1859 684 1962 744 ubi
2010 687 2230 768 pariter

113 788 483 849 ostendemus
517 793 703 843 certas
741 778 1023 861 quasdam
1058 799 1183 839 esse
1223 789 1391 837 notas
1426 776 1501 836 ad
1541 779 2047 860 supernaturalem
2085 787 2233 860 ejus·

113 882 273 943 modi
311 883 586 943 eventum
643 873 1091 935 secernendum.
1141 872 1232 933 Ad
1274 873 1440 932 Conf.
1488 877 1550 932 si
1584 877 1699 952 qui
1735 883 1884 931 sunt
1914 917 1931 947 ,
1987 878 2098 952 qui
2135 898 2234 936 su-

104 975 774 1060 pernaturalismum...
818 974 877 1029 iz·
907 972 1053 1051 loyes
1079 969 1454 1051 coyitandz'...
1501 968 2040 1048 transgrediuntur
2056 1011 2076 1041 ,
2117 980 2228 1029 etc.

111 1072 263 1152 Ney.
295 1068 468 1131 Aliud
498 1067 658 1128 enim
681 1077 802 1141 est,
838 1066 987 1125 facta
1014 1064 1374 1128 revelatione
1397 1085 1601 1125 earum
1627 1064 1985 1155 veritatum,
2010 1085 2142 1146 quae
2172 1065 2235 1123 in

116 1176 352 1224 naturae
373 1163 581 1223 ordine
614 1162 992 1221 continentur
1011 1206 1029 1236 ,
1065 1158 1507 1242 deprehendere
1538 1180 1634 1219 eas
1667 1171 2083 1220 consentaneas
2117 1180 2241 1219 esse

111 1271 286 1320 rectae
313 1258 553 1318 rationis
583 1257 913 1340 principiis,
946 1254 1103 1337 quod
1130 1255 1287 1314 factu
1322 1254 1556 1314 difficile
1586 1276 1709 1313 non
1747 1266 1875 1328 est;
1913 1253 2073 1313 aliud
2101 1275 2240 1317 vero

113 1354 241 1414 illas
270 1375 473 1414 omnes
495 1353 768 1415 veritates
785 1396 802 1426 ,
828 1350 1080 1432 seposita
1100 1349 1488 1424 revelatione,
1514 1370 1858 1430 cognoscere
1874 1394 1892 1423 ‚
1916 1350 2076 1431 quod
2092 1349 2239 1412 adeo

116 1449 346 1509 difficile
396 1459 517 1525 est,
558 1458 626 1506 ut
668 1445 889 1506 nedum
931 1445 1142 1524 integri
1194 1443 1396 1526 populi
1431 1444 1693 1526 plurium
1731 1443 2080 1504 sacculorum
2130 1444 2237 1505 de-

117 1565 319 1618 cursa,
366 1542 471 1602 sed
510 1541 608 1603 vel
644 1541 768 1623 ipse
810 1540 1220 1623 sapientissimi
1251 1539 1587 1622 philosophi
1634 1542 1696 1598 in
1732 1562 1800 1601 eo
1845 1540 2242 1600 caecutiverint

118 1649 179 1698 et
210 1649 334 1696 toto
369 1636 517 1697 coelo
552 1635 876 1698 erraverint
895 1679 912 1709 ,
957 1646 1024 1693 ut
1059 1656 1130 1694 ex
1181 1634 1332 1693 facto
1376 1635 1738 1695 ostendimus
1781 1632 1894 1716 (1).
1941 1638 2070 1695 Duo
2115 1635 2242 1696 haec

117 1731 433 1795 adversarii
461 1731 841 1791 commiscent
869 1730 932 1788 in
957 1750 1059 1788 sua
1089 1728 1273 1802 thesi,
1305 1750 1434 1810 quae
1459 1730 1819 1789 commisceri
1845 1751 1956 1790 nec
1986 1741 2244 1813 possunt

115 1848 225 1887 nec
254 1826 494 1887 debent.
533 1826 686 1883 Hinc
725 1845 1004 1904 negamus
1049 1822 1374 1882 illationem
1422 1845 1437 1881 z
1488 1845 1879 1903 quaecumque
1926 1828 2247 1906 religionis

119 1923 395 1981 doctrina
433 1924 625 1979 menti
657 1920 945 1978 huma-nce
965 1938 1221 1997 prorsus
1268 1919 1505 1978 dicitur
1549 1924 1900 1992 convenire,
1939 1941 2009 1978 ea
2041 1941 2112 1978 ecc
2135 1920 2250 1979 hac

120 2023 257 2098 ipsa
281 2018 367 2076 ad
390 2019 535 2096 leges
558 2016 821 2094 effus-dem
847 2014 1281 2073 accommodate
1307 2026 1618 2094 repetatur
1635 2037 1860 2074 necesse
1879 2025 1963 2075 est
1976 2040 1995 2082 ‚-
2016 2015 2245 2076 detecto

121 2112 280 2172 enim
311 2110 664 2193 sophismate
682 2154 700 2184 ,
743 2107 1031 2187 ejusmodi
1063 2107 1248 2167 illatio
1288 2109 1600 2169 evanescit.
1649 2109 1881 2168 Adnoto
1916 2121 2197 2190 praeterea
2220 2156 2237 2183 ,

123 2217 406 2287 tanquam
446 2215 670 2264 certum
712 2225 913 2263 rursus
953 2204 1168 2263 assumi
1203 2202 1277 2262 ab
1312 2203 1657 2264 adversariis
1711 2203 1976 2266 divinam
2009 2205 2247 2267 revela-

122 2301 343 2360 tionem
385 2321 507 2358 non
539 2298 847 2381 complecti
883 2298 995 2357 nisi
1037 2319 1131 2358 eas
1166 2298 1440 2360 veritates
1469 2344 1486 2373 ,
1533 2321 1664 2380 quae
1701 2299 1979 2359 ordinem
2009 2310 2251 2359 natura-

122 2395 235 2455 lem
266 2416 388 2453 non
425 2392 1021 2476 praetergrediuntur3
1054 2392 1461 2476 complectitur
1506 2405 1707 2455 autem
1739 2394 2020 2457 revelatio
2048 2395 2246 2478 plures

122 2491 262 2551 alias
310 2490 619 2566 veritateS,
671 2510 797 2572 quae
840 2490 1114 2551 humanae
1162 2490 1379 2550 mentis
1425 2490 1608 2550 aciem
1659 2501 1974 2573 superant,
2030 2503 2098 2550 ut
2145 2514 2247 2551 suo

123 2586 250 2647 loco
285 2586 662 2648 ostendemus
684 2632 699 2662 ,
740 2607 920 2668 quare
953 2608 1189 2645 rursum
1218 2596 1418 2668 peccat
1444 2585 1913 2646 adversariorum
1941 2609 2244 2667 argumen-

126 2684 270 2742 tatio
289 2728 305 2758 ,
345 2693 404 2742 et
429 2703 496 2741 eo
522 2679 751 2740 laborat
777 2682 951 2755 vitio,
987 2681 1145 2762 quod
1181 2681 1309 2740 falsi
1342 2682 1625 2763 suppositi
1654 2681 1826 2760 vulgo
1854 2681 2082 2740 dicitur.

209 2778 310 2836 99.
361 2776 449 2837 Ad
478 2776 586 2851 41¹¹,
616 2778 776 2837 Dist.
797 2778 868 2836 Et
883 2775 1020 2835 inde
1038 2777 1302 2858 sequitur
1323 2777 1612 2836 rationem
1639 2797 1746 2857 per
1770 2797 1831 2836 se
1859 2797 2025 2857 posse
2052 2775 2251 2836 omnia

129 2870 416 2953 religionis
452 2883 512 2933 et
536 2893 769 2931 morum
805 2871 989 2931 officia
1018 2893 1358 2953 cognoscere
1379 2917 1396 2945 7
1442 2871 1536 2932 vel
1566 2871 1800 2950 cognita
1827 2870 1900 2930 ab
1926 2873 2049 2954 ipsa
2076 2872 2250 2932 fuisse

203 3061 269 3124 (1)
301 3061 427 3110 Plato
460 3064 839 3110 communionem
870 3065 1066 3110 tucrum
1094 3065 1145 3110 in
1230 3078 1384 3111 versus
1409 3063 1651 3110 amatorios
1679 3060 1890 3110 Platonis
1908 3096 1923 3125 ,
1951 3061 2122 3128 quibus
2151 3080 2251 3112 sce-

134 3160 218 3191 sua
247 3142 501 3208 Republica
527 3145 727 3193 admisit.
758 3143 965 3193 Socrates
993 3142 1146 3194 Theo·
1228 3143 1338 3194 leste
1368 3143 1625 3209 paederastia
1652 3143 2031 3206 commendatur3
2064 3144 2144 3193 sed
2172 3161 2248 3194 me

136 3224 295 3271 dotam
323 3226 573 3289 quamdam
598 3227 891 3275 meretricem
915 3225 1053 3274 docet
1077 3244 1147 3275 ar-
1231 3226 1329 3275 dies
1342 3226 1574 3288 deficeret,
1590 3227 1627 3273 si
1639 3227 1795 3274 omnia
1809 3243 2016 3275 errorum
2028 3236 2248 3281 monstra,

136 3315 232 3353 tem
253 3305 464 3354 homines
487 3307 747 3367 alliciendi,
768 3305 1053 3372 Xenophon,
1072 3306 1151 3355 De
1233 3324 1336 3373 quae
1358 3318 1526 3356 veteres
1549 3307 1868 3368 admiserunt,
1901 3323 2137 3356 recensere
2156 3306 2250 3355 vel·

132 3386 277 3434 dictis
295 3394 339 3433 et
354 3387 499 3450 factis
516 3388 725 3438 mirabil.
743 3389 830 3438 lib.
852 3407 897 3438 xv
915 3427 929 3449 ‚
947 3406 1049 3454 cap.
1077 3404 1093 3435 1
1112 3405 1127 3436 1
1142 3422 1153 3437 .
1240 3389 1347 3438 lem.
1377 3389 1663 3438 Recentiores
1694 3389 1847 3438 deistae
1866 3426 1880 3450 ,
1912 3391 2006 3437 imo
2035 3398 2083 3438 et
2108 3389 2253 3436 ratio·

133 3467 365 3533 Epictetus
395 3470 452 3516 in
472 3469 683 3522 Enchir.
697 3489 798 3537 cap.
832 3469 1156 3535 143.fornica-
1241 3471 1439 3530 nalistae,
1475 3480 1525 3519 ut
1553 3488 1635 3518 suo
1663 3470 1763 3519 loco
1798 3470 2121 3530 ostendemus,
2155 3485 2253 3517 non

133 3551 307 3599 tionem
326 3561 377 3599 ut
391 3551 567 3599 licitam
586 3552 805 3602 admittit.
824 3554 929 3602 Aul.
949 3551 1127 3602 Gellius
1145 3590 1156 3611 ‚
1244 3555 1397 3602 minus
1435 3551 1635 3602 absurda
1663 3562 1706 3602 et
1736 3553 1876 3617 impia
1910 3552 2183 3602 docuerunt.

135 3628 273 3680 Noct.
306 3634 438 3684 attic.
476 3633 561 3682 lib.
592 3650 663 3682 xlx
691 3671 704 3693 ,
750 3652 844 3699 cap.
900 3651 977 3684 11.
1021 3634 1161 3683 refert
