2554 4140
2051 73 2171 132 245

705 91 860 127 paor.
909 67 986 128 iv.
1034 93 1101 127 DE
1144 91 1297 130 ecci..
1324 80 1531 131 raom.

67 241 274 300 Sedem
290 287 305 314 ,
331 241 393 300 id
414 242 605 323 ipsum
624 243 998 304 invictissime
1018 244 1334 304 ostendunt
1352 246 1459 326 (l).
1475 247 1675 308 Verba
1696 294 1712 323 ,
1745 247 1952 330 quibus
1979 249 2171 309 Chris-

68 346 160 393 tus
202 336 508 395 Ecclesiam
545 359 708 396 suam
752 340 1039 413 instituit,
1085 339 1147 396 in
1195 360 1430 398 sensum
1471 342 1934 403 adversariorum
1975 344 2170 404 nullo-

67 428 240 487 modo
272 442 514 511 possunt
551 432 902 513 detorqueri.

148 524 245 582 88.
295 526 384 584 Ad
423 525 483 584 id
524 548 730 607 porro,
776 526 931 607 quod
969 524 1165 583 subdit
1201 526 1642 588 Bretschneider
1688 532 1760 590 de
1799 528 2180 596 distinctione>

66 618 217 676 inter
258 619 566 680 Ecclesiam
621 632 680 680 et
732 619 1226 678 Christianitatem
1282 641 1383 679 seu
1440 622 1983 705 Christianismum,
2040 631 2179 689 dico<

68 712 350 788 ejusmodi
371 713 798 772 distinctionem
823 733 1036 771 vanam
1059 734 1293 793 prorsus
1323 735 1465 773 esse.
1502 716 1654 788 Quid
1681 729 1769 776 est
1790 721 1951 779 enim
1984 722 2171 783 Chris-

67 806 367 864 tianismus
394 807 503 865 nisi
530 807 768 865 societas
790 826 994 864 eorum
1019 851 1033 879 ,
1061 807 1160 887 qui
1186 799 1535 887 profitentur
1565 809 1892 871 doctrinam
1916 814 2167 893 Christi·⁷

67 909 126 955 et
155 899 387 979 quidem
414 900 479 958 in
516 920 615 957 sua
643 899 1007 978 integritate,
1046 912 1221 982 prout
1257 901 1516 962 Christus
1548 905 1834 985 Apostolis
1866 908 1982 965 suis
2007 908 2169 969 illam

66 992 307 1051 tradidit
323 992 750 1074 praedicandam
777 993 1047 1052 omnibus
1075 995 1385 1073 gentibus?
1414 999 1549 1056 Haec
1580 1010 1775 1058 autem
1796 1001 2034 1059 societas
2058 1001 2172 1061 alia

65 1107 186 1144 non
211 1097 297 1144 est
315 1130 332 1160 a
358 1107 464 1146 nec
489 1108 613 1146 esse
648 1099 839 1169 potest
860 1135 875 1161 .,
914 1089 1026 1146 nisi
1050 1089 1312 1149 Ecclesia.
1343 1092 1578 1151 Accedit
1610 1093 1767 1173 quod
1789 1094 1998 1152 nullibi
2025 1095 2169 1175 legi-

63 1189 158 1236 tur
175 1224 192 1252 ,
230 1179 525 1238 Chr-istum
546 1181 815 1240 fundasse
851 1183 1420 1254 Christianismum,
1444 1186 1539 1247 vel
1560 1187 1620 1244 id
1647 1187 1839 1268 ipsum
1865 1190 2162 1264 innuisse3

62 1274 539 1352 saepissimelvero
573 1275 819 1354 legitur,
860 1275 1001 1335 eum
1027 1277 1296 1337 fundasse
1328 1279 1636 1338 Ecclesiam
1673 1303 1837 1340 suam
1878 1304 1891 1340 :
1935 1284 2168 1361 AEfffi*

63 1369 238 1436 eabe,
275 1367 354 1426 ait
372 1414 388 1443 ‚
416 1370 746 1428 Ecclesiam
778 1391 991 1428 meam.
1010 1415 1048 1428 ..
1094 1372 1219 1450 Qui
1247 1370 1581 1432 Ecclesiam
1608 1395 1727 1434 non
1755 1377 2052 1445 audierit,
2089 1381 2172 1435 sit

62 1462 181 1519 tihi
206 1472 496 1541 tanquam
516 1465 783 1522 ethnicus
809 1475 864 1521 et
878 1466 1280 1543 publicanus,·
1316 1466 1460 1526 adeo
1485 1479 1549 1526 ut
1571 1478 1691 1527 tota
1730 1471 2124 1530 controversia.
2142 1515 2165 1544 ‚f

64 1576 195 1635 quae
214 1578 246 1615 a
267 1555 451 1629 tribus
479 1557 698 1616 saeculis
716 1559 899 1637 viguit
915 1559 1070 1618 inter
1085 1562 1477 1621 ‚protestantes
1502 1574 1559 1621 et
1582 1562 1904 1622 Catholicos
1925 1609 1940 1637 ,
1968 1565 2029 1622 in
2055 1564 2172 1623 hoc

63 1651 247 1728 posita
275 1651 448 1711 fuerit
490 1674 502 1709 t
545 1653 836 1731 Quaenam
872 1656 1093 1713 scilicet
1124 1660 1205 1713 sit
1238 1657 1508 1715 Ecclesia
1553 1658 1781 1717 Christi
1790 1679 1811 1727 ,·
1858 1680 2165 1740 nunquam

63 1765 200 1803 vero
234 1767 247 1803 :
277 1747 378 1804 An
411 1748 684 1806 Christus
707 1749 1093 1826 fundaverit,
1117 1751 1206 1808 vel
1226 1754 1564 1810 instituerit
1587 1753 1922 1812 Ecclesiam
1940 1801 1956 1822 ,
1988 1764 2165 1834 prout

63 1860 221 1897 nunc
262 1842 540 1920 temporis
583 1863 614 1899 a
659 1843 998 1921 Benjamino
1041 1844 1362 1918 Constant,
1419 1845 1644 1905 biblicis
1688 1868 1752 1906 ac
1794 1848 2167 1905 rationalistis

64 1934 128 1990 fit
147 1978 163 2007 ,
195 1935 325 2015 quil,
346 1955 476 1994 cum
499 1957 734 1995 omnem
757 1937 932 1996 fidem
960 1938 1260 1998 amiserint
1281 1984 1296 2013 ‚
1316 1938 1653 2020 confugiunt
1680 1940 1755 1999 ad
1780 1941 1966 2000 cordis
1989 1941 2167 2000 affec-

63 2039 222 2102 tum,
267 2050 441 2110 quem
483 2041 691 2090 vocant
731 2035 1228 2102 sentimentalem,
1276 2033 1352 2093 ad
1404 2034 1783 2109 charitatem,
1832 2046 1941 2095 etc.
1967 2080 1984 2109 a
2030 2056 2173 2095 cum

65 2121 324 2182 Christus
354 2124 563 2184 dixerit
593 2147 606 2182 z
647 2126 768 2204 Qui
799 2147 918 2185 non
955 2129 1303 2196 crediderit,
1338 2131 1854 2188 condemnabitur.

67 2380 288 2431 Corinthi
312 2393 463 2432 essent
487 2419 501 2447 ,
515 2385 692 2449 fratres
702 2386 836 2451 facta
854 2423 867 2447 ‚
887 2388 1078 2451 scripsit

63 2482 171 2534 quoe
197 2474 264 2513 est
291 2466 452 2515 Romae
478 2465 701 2515 Ecclesia
710 2469 1071 2533 potentissimas

61 2550 241 2600 litteras
268 2547 537 2596 Corinthiis
554 2583 568 2609 ,
592 2550 656 2597 ad
669 2566 842 2615 pacem
869 2567 944 2598 eos
962 2567 1075 2598 conv

61 2646 261 2694 qreqans
291 2639 335 2678 et
359 2647 589 2695 reparans
611 2631 762 2694 fidem
789 2647 969 2680 eorum.
1005 2632 1075 2679 Ex

63 2711 234 2775 quibus
250 2721 374 2776 patet
388 2711 434 2760 S.
452 2711 675 2758 Irenaeum
712 2714 1071 2775 superioritatem
1105 2747 1108 2750 -

66 2791 277 2841 Ecclesiae
321 2809 523 2842 romanae
561 2810 643 2841 seu
675 2793 874 2841 Romani
917 2794 1082 2844 Ponti-·

67 2874 164 2921 ficis
178 2876 227 2921 in
242 2878 501 2924 universam
520 2874 771 2924 Ecclesiam
788 2878 1072 2940 apertissime

65 2957 316 3019 agnovisse.
357 2956 506 3022 Atque
555 2956 632 3005 bic
667 2957 814 3006 obiter
853 2957 1070 3019 observo,

66 3035 332 3085 Maurinum
378 3038 597 3086 editorem
638 3038 781 3086 aliam
828 3038 1071 3087 lectionem

68 3127 278 3165 secutum
310 3135 405 3166 esse
438 3129 574 3185 atque
614 3122 815 3184 posuisse
838 3121 1071 3185 potiorem

66 3216 149 3263 pro
171 3202 480 3264 potentiorem
500 3237 513 3258 ,
536 3206 585 3249 at
600 3201 772 3268 absque
799 3202 943 3250 solido
963 3202 1072 3250 fun-

68 3280 312 3343 damen103
369 3285 538 3330 etenim
583 3300 678 3330 non
732 3286 946 3331 innititur
985 3285 1074 3331 nisi

70 3365 337 3411 auctoritate
369 3362 540 3411 codicis
555 3362 940 3413 Claramontensis
956 3403 969 3426 ‚
994 3367 1074 3430 qui

70 3452 225 3492 tamen
250 3446 499 3493 mendosus
515 3455 612 3506 est,
641 3463 747 3494 cum
776 3446 1076 3511 habeatpon-

72 3525 233 3573 tiorum
252 3564 265 3587 ,
297 3537 340 3575 et
370 3528 636 3576 auctoritate
658 3526 868 3578 Salmasii
899 3538 1077 3593 protes-

1159 2389 1295 2434 tantis
1315 2425 1328 2447 ,
1347 2397 1506 2436 contra
1530 2391 1740 2437 omnium
1765 2392 2057 2455 antiquorum
2088 2407 2174 2440 co-

1159 2468 1315 2516 dicum
1343 2470 1483 2517 fidem
1506 2507 1519 2530 ,
1545 2473 1625 2536 qui
1643 2470 1819 2518 habent
1826 2474 2163 2537 potentiorem,

1159 2550 1282 2613 quod
1323 2551 1510 2615 quidem
1541 2552 1682 2599 etiam
1711 2552 1866 2598 innuit
1898 2552 2039 2600 codex
2060 2551 2167 2601 Cla-

1158 2633 1459 2678 ramontensis
1488 2648 1567 2694 per
1597 2631 1714 2678 illud
1744 2632 2017 2696 pontiorem
2042 2669 2055 2690 ,
2083 2648 2168 2681 vo-

1157 2711 1373 2758 cabulum
1394 2712 1730 2775 imperfectum,
1749 2729 1840 2777 quo
1856 2713 2085 2760 indicatur
2104 2713 2165 2760 li-

1154 2792 1358 2840 brarium
1371 2810 1452 2857 per
1462 2792 1692 2841 abbrevati
1698 2809 1849 2854 onem,
1861 2803 1912 2841 ut
1921 2793 2019 2841 fieri
2029 2792 2166 2854 solet,

1155 2877 1389 2939 scripsisse
1413 2875 1683 2938 pontiorem
1719 2891 1799 2938 pro
1833 2875 2165 2939 potentiorem.

1226 2954 1291 3018 (l)
1325 2954 1500 3003 Harum
1550 2955 1906 3020 appellationum
1958 2955 2168 3020 exempla

1156 3035 1288 3101 plura
1317 3037 1578 3101 suppeditat
1594 3039 1645 3084 in
1667 3039 1759 3086 suis
1782 3036 1981 3102 epistolis
1993 3035 2044 3086 S.
2062 3035 2160 3102 Cy,-

1158 3120 1378 3182 prianus3
1420 3127 1538 3164 notae
1587 3127 1695 3165 sunt
1738 3118 2064 3182 appellationes
2105 3116 2166 3166 ad

1155 3199 1414 3246 Romanam
1438 3197 1603 3246 Sedem
1627 3196 1678 3247 S.
1697 3198 1964 3258 Athanasii,
1988 3197 2124 3246 Pauli
2147 3232 2163 3257 ‚

1156 3290 1245 3330 etc.
1271 3297 1358 3328 nec
1378 3297 1474 3327 non
1486 3279 1534 3327 S.
1550 3279 1687 3329 Joan.
1706 3279 2017 3346 Chrysostomi
2036 3294 2050 3342 3
2068 3282 2166 3326 imo

1157 3363 1300 3426 ipsius
1332 3359 1379 3407 S.
1420 3359 1633 3426 Dionysii
1678 3361 1977 3410 Alexandrini
2002 3397 2015 3420 ‚
2059 3373 2181 3405 cum*

1160 3451 1395 3492 accusatus
1413 3451 1524 3490 esset
1539 3441 1866 3491 sabellianismi
1882 3478 1896 3501 ‚
1916 3440 1975 3489 ad
1990 3438 2042 3488 S.
2058 3436 2174 3487 Dio-

1162 3529 1347 3592 nysium
1371 3525 1633 3584 Romanum
1664 3509 1952 3576 Pontificem.
2096 3517 2099 3519 ’
