2554 4140
2086 164 2200 222 105

438 189 559 226 CAP.
604 189 684 227 IV.
734 191 802 226 ΒΕ
845 189 1020 226 EXls'r.
1064 187 1181 228 mv.
1229 189 1299 224 Ac
1342 187 1645 226 SUPERRAT.
1693 186 1826 226 BEV.

100 352 212 413 que
248 329 323 389 ad
354 330 560 390 mundi
602 331 842 390 exitum.
887 331 1023 401 Quae
1067 326 1304 407 quidem
1341 330 1536 388 omnia
1580 329 1936 389 adamussim
1980 327 2201 410 partim

100 424 415 505 adimpleta
453 446 576 484 esse
614 446 682 483 ex
713 422 998 482 historicis
1033 419 1269 488 illorum
1297 431 1653 501 temporum,
1685 422 1941 503 Josepho
1966 421 2163 483 Flavio
2182 467 2198 496 ,

100 520 325 593 TacitO,
377 519 563 577 Plinio
604 528 664 576 et
700 516 972 576 Suetonio
1011 514 1315 588 novimus,
1354 515 1564 594 partim
1605 516 1913 598 adimpleri
1952 539 2059 576 nos
2092 517 2203 599 ipsi

98 615 386 672 cernimus
429 610 605 671 oculis
626 610 873 681 nostri33
904 608 1093 667 adhuc
1122 609 1280 668 enim
1308 608 1467 666 urbis
1497 608 1819 690 templique
1854 612 2036 671 ruinae
2063 633 2203 694 per-

96 719 340 768 manent
369 754 384 782 ,
420 728 540 766 non
582 702 947 763 obstantibus
982 703 1198 763 Juliani
1233 704 1600 785 imperatoris
1641 703 1944 762 conatibus
1974 705 2063 786 (l)
2085 753 2101 782 ,
2138 728 2204 766 ac

97 802 424 863 miseranda
464 799 652 858 adhuc
684 797 962 879 perdurat
994 797 1330 857 Judaeorum
1370 798 1669 879 dispersio.

177 898 319 957 249.
353 895 460 955 1110
483 896 801 974 Utramque
828 905 1107 974 praetcrea
1136 894 1377 953 minoris
1409 894 1691 976 propositi
1716 895 2045 974 argumenti
2067 917 2201 976 par-

95 1006 215 1053 tem
243 1012 350 1073 per
375 990 856 1048 resurrectionem
886 989 1124 1064 Christi,
1163 1011 1292 1070 quae
1326 988 1500 1047 simul
1539 1000 1598 1048 et
1628 989 1975 1070 praeclarum
2010 990 2206 1049 vatici-

93 1089 257 1146 nium
285 1097 343 1144 et
367 1083 708 1143 miraculum
733 1083 1088 1164 stupendum
1118 1083 1256 1160 fuit,
1278 1084 1397 1141 imo
1425 1095 1484 1142 et
1515 1083 1762 1143 aliorum
1798 1085 2206 1145 vaticiniorum

94 1195 152 1243 et
173 1180 582 1241 miraculorum
609 1180 792 1240 veluti
807 1179 1058 1260 sigillum
1076 1225 1091 1253 ,
1123 1177 1466 1239 mirabiliter
1487 1181 1918 1239 confirmamus
1943 1180 2206 1240 Christus

92 1278 250 1337 enim
286 1298 347 1335 se
381 1277 552 1334 tertia
597 1275 689 1333 die
732 1286 1191 1334 resurrecturum
1236 1296 1267 1333 e
1304 1275 1533 1334 tumulo
1581 1275 1900 1356 spopondit
1944 1275 2199 1355 (Matth.

92 1374 242 1446 XII,
275 1372 387 1444 403
414 1371 553 1445 XX,
583 1371 690 1444 193
726 1372 899 1430 Marc.
929 1371 1005 1428 IX
1027 1415 1043 1443 ,
1073 1369 1184 1443 303
1219 1372 1271 1428 X
1295 1415 1311 1445 ,
1343 1370 1452 1444 343
1487 1371 1652 1445 XIV,
1682 1371 1799 1444 283
1831 1374 1965 1431 Luc.
1995 1373 2203 1445 XVIII,

98 1468 209 1540 333
249 1469 418 1525 Joan.
468 1469 554 1536 II,
609 1465 749 1545 19).
791 1464 1108 1544 Vulgatum
1155 1476 1280 1523 erat
1323 1465 1482 1547 apud
1523 1464 1798 1525 Hebraeos
1837 1465 1948 1525 hoc
1994 1466 2209 1526 Christi

97 1562 391 1622 oraculum
436 1560 643 1619 Matth.
684 1561 900 1633 XXVI,
945 1561 1062 1633 613
1105 1561 1346 1636 XXVII,
1389 1560 1487 1619 40.
1520 1560 1734 1620 Idcirco
1771 1561 1846 1620 ad
1885 1561 2207 1621 tumultum

96 1658 297 1740 positae
327 1655 580 1716 excubiae
603 1656 625 1734 (
648 1655 860 1714 Matth.
894 1656 1104 1713 XXVII
1133 1700 1149 1730 ,
1193 1654 1323 1735 63).
1364 1658 1487 1714 Hoc
1523 1677 1662 1717 vero
1695 1657 2035 1718 vaticinium
2055 1702 2070 1730 ,
2099 1678 2208 1715 an-

96 1764 332 1833 tequam
367 1750 736 1829 evangelium
763 1749 1222 1809 conscriberetur
1241 1796 1256 1825 ,
1293 1751 1565 1810 effectum
1591 1773 1762 1810 suum
1796 1753 2065 1810 sortitum
2090 1765 2199 1811 est.

176 1847 315 1905 250.
378 1848 499 1905 Hoc
554 1867 726 1926 porro
776 1845 1216 1904 resurrectionis
1270 1846 1486 1904 factum
1541 1845 1953 1926 comprobatur
2015 1848 2077 1904 l⁰
2135 1870 2206 1906 ex

99 1941 506 2023 Apostolorum
543 1940 876 1998 testimonio
899 1985 914 2014 ,
957 1941 1056 2020 qui
1085 1961 1205 1999 non
1238 1939 1581 1999 dubitarunt
1613 1943 1794 2002 vitam
1837 1940 2111 2002 exhibere
2140 1943 2204 2001 in

100 2043 219 2115 ejus
254 2037 786 2108 confirmationem,
824 2036 891 2092 2⁰
914 2057 946 2094 a
969 2035 1282 2117 plusquam
1311 2037 1641 2117 quingentis
1668 2037 1947 2098 fratribus
1977 2040 2037 2117 (I
2068 2040 2199 2098 Cor.

96 2270 294 2337 puerulo
322 2288 408 2319 nec
438 2288 632 2319 manum
653 2287 738 2319 nec
762 2271 946 2319 dentem
966 2273 1107 2335 impia

97 2364 239 2401 mater
255 2352 476 2401 abstinuit
494 2370 509 2417 3
527 2363 619 2400 toto
636 2362 840 2417 tempore
856 2351 1106 2400 obsidionis

98 2435 315 2483 undecies
344 2444 534 2483 centena
560 2434 807 2482 hominum
832 2435 977 2483 millia
991 2435 1108 2483 desi-

98 2515 251 2564 derata
293 2526 402 2563 sunt
424 2553 437 2576 ‚
481 2526 525 2563 et
551 2519 800 2581 nonaginta
846 2517 990 2564 millia
1018 2516 1107 2565 ab·

102 2598 255 2646 ducta.
298 2598 350 2647 5ο
381 2598 673 2646 imminentis
709 2598 871 2646 excidii
901 2600 1104 2663 signum.

105 2679 226 2726 Cum
271 2679 494 2727 videritis
533 2679 968 2744 abominationem,
1013 2690 1102 2747 etc,

101 2758 300 2820 (Mattlh
329 2778 436 2808 xxiv
457 2761 492 2821 ).
518 2760 724 2808 Primum
759 2758 980 2809 Claudius
1005 2762 1107 2810 ido-

101 2839 198 2889 lum
229 2843 390 2890 inferri
419 2844 587 2907 jussit,
612 2843 902 2906 postmodum
919 2840 1010 2907 jam
1029 2843 1108 2891 ob·

104 2938 222 2970 sessa
256 2923 370 2972 urbe
401 2923 580 2971 Zelotes
627 2927 676 2972 in
711 2926 913 2971 interiori
948 2925 1106 2990 templi

104 3003 240 3067 adyto
268 3005 460 3052 velutin
481 3023 583 3053 arce
607 3007 842 3053 constituti
871 3006 988 3053 foeda
1004 3022 1105 3052 om-

103 3085 180 3131 nia
211 3095 462 3147 patrarunt.
480 3084 534 3133 6⁰
549 3086 616 3135 Ne
634 3087 747 3151 lapis
765 3087 957 3152 quidem
972 3104 1106 3151 super

103 3163 301 3228 lapidem
330 3177 430 3234 post
459 3169 617 3233 templi
658 3171 938 3216 eversionem
970 3187 1106 3217 man-

105 3262 238 3294 surus
262 3264 356 3295 esse
379 3247 545 3297 dicitur
575 3249 771 3311 (Matth.
805 3267 909 3297 xxiv
929 3253 966 3312 ),
994 3250 1106 3297 urbs

104 3345 130 3374 a
159 3326 380 3392 gentibus
419 3331 759 3390 conculcanda,
802 3349 950 3396 usque
987 3332 1104 3378 dum

102 3408 380 3472 impleantur
407 3419 612 3474 tempora
640 3414 879 3460 nationum
895 3449 908 3471 ‚
935 3415 1104 3477 captivi

104 3505 185 3552 per
199 3489 355 3538 orbem
370 3493 635 3540 universum
658 3493 945 3558 dispergendi
959 3494 985 3542 J
991 3494 1104 3542 udaei

96 3569 121 3630 .(
139 3568 250 3618 Luc.
269 3571 382 3630 ιιι).
417 3572 474 3619 Et
495 3574 637 3620 invito
667 3573 945 3639 Imperatore
973 3576 1105 3624 miles

95 3652 274 3716 ,templo
317 3653 526 3702 flammas
558 3654 793 3717 admovit,
827 3667 878 3706 ut
914 3666 1106 3706 testatur

1194 2270 1293 2318 JOS.
1328 2269 1410 2318 De
1433 2270 1549 2319 bello
1567 2270 1690 2320 Jud.
1721 2271 1799 2319 lib.
1830 2288 1914 2320 vu.
1947 2272 2208 2325 Hadrian-us

1193 2352 1359 2400 AEliam
1383 2391 1394 2413 ,
1433 2370 1535 2419 quae
1552 2356 1797 2419 pristinum
1811 2354 1839 2402 J
1842 2355 2208 2423 erosolymorum

1194 2453 1364 2484 nomen
1382 2436 1547 2485 deinde
1575 2440 1745 2502 recepit
1764 2476 1777 2495 ‚
1801 2454 1859 2486 ex
1877 2438 2018 2487 altero
2039 2443 2209 2488 montis

1193 2517 1330 2573 latere
1355 2518 1614 2567 aedificavit.
1640 2518 1855 2567 Julianus
1882 2521 2107 2585 templum
2126 2539 2206 2570 ex-

1194 2602 1330 2648 citare
1344 2611 1533 2648 conatus
1551 2604 1642 2649 voti
1659 2619 1845 2665 compos
1861 2603 1959 2650 fieri
1976 2606 2208 2668 nequivit.

1194 2680 1459 2729 Miserandae
1474 2682 1501 2730 J
1505 2683 1743 2730 udoeorum
1765 2682 2060 2748 dispersionis
2074 2694 2207 2733 testes

1193 2765 1279 2827 ipsi
1308 2781 1484 2815 sumus.
1511 2764 1578 2812 Ita
1619 2766 1801 2828 sanguis
1836 2765 2063 2813 interfecti
2097 2765 2203 2814 Sal-

1150 2879 1152 2882 ·
1194 2847 1366 2893 vetoris
1398 2847 1445 2892 in
1477 2862 1636 2893 eorum
1660 2880 1677 2906 ‚
1717 2849 1798 2912 qui
1837 2847 2202 2907 interfecerunt,

1192 2937 1330 2990 caput
1370 2927 1560 2984 recidit,
1598 2938 1734 2991 prout
1763 2930 1851 2992 ipsi
1896 2929 1983 2976 sibi
2013 2931 2206 2977 ominati

1192 3009 1389 3056 fuerant.
1427 3008 1536 3057 Haec
1564 3009 1711 3057 fusius
1748 3012 1973 3073 prosecuti
2005 3028 2163 3059 sumus
2188 3045 2205 3071 ‚

1191 3096 1246 3137 ut
1275 3107 1412 3154 prava
1430 3091 1814 3140 rationalistarum
1835 3094 1950 3141 fides
1973 3095 2022 3140 in
2038 3110 2203 3157 propa-

1190 3172 1288 3219 tulo
1324 3183 1598 3236 poneretur,
1632 3175 1742 3238 qui,
1769 3184 1818 3220 ut
1847 3174 2048 3222 vidimus
2069 3212 2082 3233 ‚
2103 3192 2203 3222 non

1191 3257 1296 3301 satis
1323 3254 1559 3302 definitam
1600 3255 1720 3302 hanc
1743 3254 1917 3303 Christi
1950 3257 2203 3321 praedictio·

1191 3352 1298 3382 nem
1330 3335 1512 3383 effutire
1539 3338 1636 3384 ausi
1658 3347 1778 3385 sunt.

1261 3415 1325 3476 (l)
1363 3415 1500 3463 Cous.
1527 3416 1813 3466 Warburton
1831 3454 1846 3477 ‚
1874 3417 2204 3466 Dissertation

1192 3512 1279 3543 eur
1293 3495 1357 3542 les
1379 3496 1704 3546 tremblemens
1717 3499 1772 3545 de
1793 3507 1915 3546 terre
1929 3507 1973 3545 et
1991 3498 2055 3546 les
2067 3502 2207 3563 erup-

1191 3578 1316 3624 tione
1344 3577 1401 3624 de
1433 3578 1548 3641 seu,
1586 3590 1672 3628 etc.
1720 3579 1843 3628 Paris
1875 3577 2002 3644 1764
2022 3615 2036 3639 ,
2081 3580 2202 3628 trad.

1194 3656 1255 3706 de
1279 3657 1502 3723 l'anglais.
