<?xml version="1.0" encoding="UTF-8"?>
<!DOCTYPE html PUBLIC "-//W3C//DTD XHTML 1.0 Transitional//EN"
    "http://www.w3.org/TR/xhtml1/DTD/xhtml1-transitional.dtd">
<html xmlns="http://www.w3.org/1999/xhtml" xml:lang="en" lang="en">
 <head>
  <title>
</title>
<meta http-equiv="Content-Type" content="text/html;charset=utf-8" />
  <meta name='ocr-system' content='tesseract 3.04.00' />
  <meta name='ocr-capabilities' content='ocr_page ocr_carea ocr_par ocr_line ocrx_word'/>
</head>
<body>
  <div class='ocr_page' id='page_1' title='image "a603693801perruoft_0275.png"; bbox 0 0 2554 4140; ppageno 0'>
   <div class='ocr_carea' id='block_1_1' title="bbox 755 126 2221 183">
    <p class='ocr_par' dir='ltr' id='par_1_1' title="bbox 755 126 2221 183">
     <span class='ocr_line' id='line_1_1' title="bbox 755 126 2221 183; baseline 0 0"><span class='ocrx_word' id='word_1_1' title='bbox 755 146 906 183; x_wconf 69' lang='lat' dir='ltr'>paor.</span> <span class='ocrx_word' id='word_1_2' title='bbox 954 145 1011 183; x_wconf 91' lang='lat' dir='ltr'>v.</span> <span class='ocrx_word' id='word_1_3' title='bbox 1061 147 1129 182; x_wconf 71' lang='lat' dir='ltr'>nn.</span> <span class='ocrx_word' id='word_1_4' title='bbox 1173 146 1322 183; x_wconf 71' lang='lat' dir='ltr'>nect.</span> <span class='ocrx_word' id='word_1_5' title='bbox 1366 145 1595 183; x_wconf 68' lang='lat' dir='ltr'>cunct.</span> <span class='ocrx_word' id='word_1_6' title='bbox 2104 126 2221 183; x_wconf 83' lang='lat'>251</span> 
     </span>
    </p>
   </div>
   <div class='ocr_carea' id='block_1_2' title="bbox 48 285 2240 3019">
    <p class='ocr_par' dir='ltr' id='par_1_2' title="bbox 131 285 2233 1214">
     <span class='ocr_line' id='line_1_2' title="bbox 131 285 2228 368; baseline 0 -23"><span class='ocrx_word' id='word_1_7' title='bbox 131 290 411 368; x_wconf 67' lang='lat' dir='ltr'>germina</span> <span class='ocrx_word' id='word_1_8' title='bbox 429 289 705 365; x_wconf 72' lang='lat' dir='ltr'>papismi</span> <span class='ocrx_word' id='word_1_9' title='bbox 735 297 868 346; x_wconf 76' lang='lat' dir='ltr'>sata</span> <span class='ocrx_word' id='word_1_10' title='bbox 894 290 1084 365; x_wconf 59' lang='lat' dir='ltr'>sitisse</span> <span class='ocrx_word' id='word_1_11' title='bbox 1119 285 1199 342; x_wconf 82' lang='lat' dir='ltr'>ab</span> <span class='ocrx_word' id='word_1_12' title='bbox 1239 289 1372 362; x_wconf 76' lang='lat' dir='ltr'>ipsa</span> <span class='ocrx_word' id='word_1_13' title='bbox 1405 296 1570 345; x_wconf 77' lang='lat' dir='ltr'>aetate</span> <span class='ocrx_word' id='word_1_14' title='bbox 1598 287 1916 365; x_wconf 75' lang='lat' dir='ltr'>apostolica</span> <span class='ocrx_word' id='word_1_15' title='bbox 1942 286 2051 366; x_wconf 84' lang='lat' dir='ltr'>(l).</span> <span class='ocrx_word' id='word_1_16' title='bbox 2083 287 2228 367; x_wconf 78' lang='lat' dir='ltr'>Ergo</span> 
     </span>
     <span class='ocr_line' id='line_1_3' title="bbox 140 377 2232 463; baseline 0.001 -24"><span class='ocrx_word' id='word_1_17' title='bbox 140 402 211 440; x_wconf 86' lang='lat' dir='ltr'>ex</span> <span class='ocrx_word' id='word_1_18' title='bbox 244 381 594 441; x_wconf 88' lang='lat' dir='ltr'>confessione</span> <span class='ocrx_word' id='word_1_19' title='bbox 627 402 895 462; x_wconf 63' lang='lat' dir='ltr'>expressa</span> <span class='ocrx_word' id='word_1_20' title='bbox 919 381 1174 461; x_wconf 85' lang='lat' dir='ltr'>ipsorum</span> <span class='ocrx_word' id='word_1_21' title='bbox 1196 377 1657 441; x_wconf 88' lang='lat' dir='ltr'>adversariorum</span> <span class='ocrx_word' id='word_1_22' title='bbox 1683 402 1998 463; x_wconf 89' lang='lat' dir='ltr'>eorumque</span> <span class='ocrx_word' id='word_1_23' title='bbox 2021 380 2232 461; x_wconf 83' lang='lat' dir='ltr'>agendi</span> 
     </span>
     <span class='ocr_line' id='line_1_4' title="bbox 140 473 2229 557; baseline 0.001 -24"><span class='ocrx_word' id='word_1_24' title='bbox 140 476 360 534; x_wconf 88' lang='lat' dir='ltr'>ratione</span> <span class='ocrx_word' id='word_1_25' title='bbox 386 474 750 534; x_wconf 85' lang='lat' dir='ltr'>ineluctabile</span> <span class='ocrx_word' id='word_1_26' title='bbox 784 474 1064 534; x_wconf 86' lang='lat' dir='ltr'>habemus</span> <span class='ocrx_word' id='word_1_27' title='bbox 1085 483 1495 550; x_wconf 79' lang='lat' dir='ltr'><strong>argumentum</strong></span> <span class='ocrx_word' id='word_1_28' title='bbox 1527 473 1600 533; x_wconf 91' lang='lat' dir='ltr'>de</span> <span class='ocrx_word' id='word_1_29' title='bbox 1629 487 1908 557; x_wconf 89' lang='lat' dir='ltr'>perpetua</span> <span class='ocrx_word' id='word_1_30' title='bbox 1934 476 2067 536; x_wconf 85' lang='lat' dir='ltr'>fidei</span> <span class='ocrx_word' id='word_1_31' title='bbox 2094 477 2229 536; x_wconf 87' lang='lat' dir='ltr'>uni-</span> 
     </span>
     <span class='ocr_line' id='line_1_5' title="bbox 140 566 2229 653; baseline 0.002 -27"><span class='ocrx_word' id='word_1_32' title='bbox 140 580 259 627; x_wconf 84' lang='lat' dir='ltr'><strong>tate</strong></span> <span class='ocrx_word' id='word_1_33' title='bbox 283 570 344 628; x_wconf 91' lang='lat' dir='ltr'>in</span> <span class='ocrx_word' id='word_1_34' title='bbox 380 569 623 628; x_wconf 85' lang='lat' dir='ltr'>Ecclesia</span> <span class='ocrx_word' id='word_1_35' title='bbox 662 567 939 630; x_wconf 86' lang='lat' dir='ltr'>catholica</span> <span class='ocrx_word' id='word_1_36' title='bbox 960 611 975 638; x_wconf 88' lang='lat'>.‚</span> <span class='ocrx_word' id='word_1_37' title='bbox 1011 566 1153 647; x_wconf 88' lang='lat' dir='ltr'>quin</span> <span class='ocrx_word' id='word_1_38' title='bbox 1189 585 1486 624; x_wconf 90' lang='lat' dir='ltr'>recurrere</span> <span class='ocrx_word' id='word_1_39' title='bbox 1522 567 1836 628; x_wconf 83' lang='lat' dir='ltr'>debeamus</span> <span class='ocrx_word' id='word_1_40' title='bbox 1871 571 1946 629; x_wconf 90' lang='lat' dir='ltr'>ad</span> <span class='ocrx_word' id='word_1_41' title='bbox 1980 571 2229 653; x_wconf 85' lang='lat' dir='ltr'>positiva</span> 
     </span>
     <span class='ocr_line' id='line_1_6' title="bbox 140 658 2230 745; baseline 0.001 -22"><span class='ocrx_word' id='word_1_42' title='bbox 140 674 198 723; x_wconf 93' lang='lat' dir='ltr'>et</span> <span class='ocrx_word' id='word_1_43' title='bbox 224 664 527 743; x_wconf 82' lang='lat' dir='ltr'>singularia</span> <span class='ocrx_word' id='word_1_44' title='bbox 556 662 881 722; x_wconf 86' lang='lat' dir='ltr'>testimonia</span> <span class='ocrx_word' id='word_1_45' title='bbox 902 659 1094 740; x_wconf 84' lang='lat' dir='ltr'>quoad</span> <span class='ocrx_word' id='word_1_46' title='bbox 1116 658 1367 738; x_wconf 80' lang='lat' dir='ltr'>singulos</span> <span class='ocrx_word' id='word_1_47' title='bbox 1389 659 1659 718; x_wconf 84' lang='lat' dir='ltr'>articulos</span> <span class='ocrx_word' id='word_1_48' title='bbox 1677 706 1694 735; x_wconf 81' lang='lat'>.,</span> <span class='ocrx_word' id='word_1_49' title='bbox 1721 662 1792 721; x_wconf 91' lang='lat' dir='ltr'>de</span> <span class='ocrx_word' id='word_1_50' title='bbox 1816 664 2024 745; x_wconf 92' lang='lat' dir='ltr'>quibus</span> <span class='ocrx_word' id='word_1_51' title='bbox 2050 687 2230 745; x_wconf 82' lang='lat' dir='ltr'>agen-</span> 
     </span>
     <span class='ocr_line' id='line_1_7' title="bbox 140 753 2231 839; baseline 0.001 -22"><span class='ocrx_word' id='word_1_52' title='bbox 140 758 281 818; x_wconf 89' lang='lat' dir='ltr'>dum</span> <span class='ocrx_word' id='word_1_53' title='bbox 318 760 428 819; x_wconf 88' lang='lat' dir='ltr'>erit</span> <span class='ocrx_word' id='word_1_54' title='bbox 468 759 530 816; x_wconf 92' lang='lat' dir='ltr'>in</span> <span class='ocrx_word' id='word_1_55' title='bbox 558 757 728 831; x_wconf 89' lang='lat' dir='ltr'>hujus</span> <span class='ocrx_word' id='word_1_56' title='bbox 763 755 953 835; x_wconf 87' lang='lat' dir='ltr'>operis</span> <span class='ocrx_word' id='word_1_57' title='bbox 996 753 1261 813; x_wconf 80' lang='lat' dir='ltr'>decursu,</span> <span class='ocrx_word' id='word_1_58' title='bbox 1307 753 1474 814; x_wconf 88' lang='lat' dir='ltr'>Addo</span> <span class='ocrx_word' id='word_1_59' title='bbox 1512 754 1973 839; x_wconf 85' lang='lat' dir='ltr'>qualemcunque</span> <span class='ocrx_word' id='word_1_60' title='bbox 1997 758 2231 819; x_wconf 83' lang='lat' dir='ltr'>haereti·</span> 
     </span>
     <span class='ocr_line' id='line_1_8' title="bbox 141 848 2231 933; baseline 0.001 -22"><span class='ocrx_word' id='word_1_61' title='bbox 141 874 338 913; x_wconf 86' lang='lat' dir='ltr'>corum</span> <span class='ocrx_word' id='word_1_62' title='bbox 363 850 727 932; x_wconf 87' lang='lat' dir='ltr'>hypothesim</span> <span class='ocrx_word' id='word_1_63' title='bbox 751 869 1010 930; x_wconf 80' lang='lat' dir='ltr'>pugnare</span> <span class='ocrx_word' id='word_1_64' title='bbox 1036 870 1169 907; x_wconf 88' lang='lat' dir='ltr'>cum</span> <span class='ocrx_word' id='word_1_65' title='bbox 1197 849 1488 930; x_wconf 83' lang='lat' dir='ltr'>promissis</span> <span class='ocrx_word' id='word_1_66' title='bbox 1518 848 1731 907; x_wconf 86' lang='lat' dir='ltr'>Christi</span> <span class='ocrx_word' id='word_1_67' title='bbox 1756 861 1815 908; x_wconf 88' lang='lat' dir='ltr'>et</span> <span class='ocrx_word' id='word_1_68' title='bbox 1853 872 1975 911; x_wconf 91' lang='lat' dir='ltr'>esse</span> <span class='ocrx_word' id='word_1_69' title='bbox 1997 874 2231 933; x_wconf 89' lang='lat' dir='ltr'>prorsus</span> 
     </span>
     <span class='ocr_line' id='line_1_9' title="bbox 139 943 2233 1028; baseline 0 -23"><span class='ocrx_word' id='word_1_70' title='bbox 139 946 554 1028; x_wconf 90' lang='lat' dir='ltr'>impossibilem</span> <span class='ocrx_word' id='word_1_71' title='bbox 575 989 591 1017; x_wconf 81' lang='grc'>.,</span> <span class='ocrx_word' id='word_1_72' title='bbox 627 965 760 1003; x_wconf 89' lang='lat' dir='ltr'>cum</span> <span class='ocrx_word' id='word_1_73' title='bbox 781 987 798 1018; x_wconf 91' lang='lat'>,</span> <span class='ocrx_word' id='word_1_74' title='bbox 831 955 895 1002; x_wconf 92' lang='lat' dir='ltr'>ut</span> <span class='ocrx_word' id='word_1_75' title='bbox 919 945 999 1002; x_wconf 89' lang='lat' dir='ltr'>ait</span> <span class='ocrx_word' id='word_1_76' title='bbox 1030 943 1410 1003; x_wconf 91' lang='lat' dir='ltr'>Bellarminus</span> <span class='ocrx_word' id='word_1_77' title='bbox 1430 988 1447 1018; x_wconf 77' lang='grc'><em>,</em></span> <span class='ocrx_word' id='word_1_78' title='bbox 1484 944 1545 1002; x_wconf 90' lang='lat' dir='ltr'>in</span> <span class='ocrx_word' id='word_1_79' title='bbox 1568 944 1729 1002; x_wconf 91' lang='lat' dir='ltr'>omni</span> <span class='ocrx_word' id='word_1_80' title='bbox 1761 944 1939 1003; x_wconf 89' lang='lat' dir='ltr'>etiam</span> <span class='ocrx_word' id='word_1_81' title='bbox 1964 945 2081 1006; x_wconf 91' lang='lat' dir='ltr'>levi</span> <span class='ocrx_word' id='word_1_82' title='bbox 2109 968 2233 1006; x_wconf 84' lang='lat' dir='ltr'>mu·</span> 
     </span>
     <span class='ocr_line' id='line_1_10' title="bbox 141 1037 2230 1120; baseline -0.001 -19"><span class='ocrx_word' id='word_1_83' title='bbox 141 1042 358 1101; x_wconf 89' lang='lat' dir='ltr'>tatione</span> <span class='ocrx_word' id='word_1_84' title='bbox 391 1059 620 1119; x_wconf 86' lang='lat' dir='ltr'>semper</span> <span class='ocrx_word' id='word_1_85' title='bbox 652 1037 879 1098; x_wconf 90' lang='lat' dir='ltr'>ostendi</span> <span class='ocrx_word' id='word_1_86' title='bbox 921 1038 1041 1098; x_wconf 87' lang='lat' dir='ltr'>haec</span> <span class='ocrx_word' id='word_1_87' title='bbox 1083 1039 1341 1120; x_wconf 91' lang='lat' dir='ltr'>quinque</span> <span class='ocrx_word' id='word_1_88' title='bbox 1381 1040 1649 1120; x_wconf 85' lang='lat' dir='ltr'>possint:</span> <span class='ocrx_word' id='word_1_89' title='bbox 1698 1049 1932 1114; x_wconf 73' lang='lat' dir='ltr'>auctor,</span> <span class='ocrx_word' id='word_1_90' title='bbox 1978 1038 2185 1119; x_wconf 78' lang='lat' dir='ltr'>dogma</span> <span class='ocrx_word' id='word_1_91' title='bbox 2212 1086 2230 1116; x_wconf 76' lang='lat'>.,</span> 
     </span>
     <span class='ocr_line' id='line_1_11' title="bbox 139 1133 1269 1214; baseline -0.004 -18"><span class='ocrx_word' id='word_1_92' title='bbox 139 1147 311 1208; x_wconf 78' lang='lat' dir='ltr'>aetaS‚</span> <span class='ocrx_word' id='word_1_93' title='bbox 354 1133 681 1194; x_wconf 88' lang='lat' dir='ltr'>defensores</span> <span class='ocrx_word' id='word_1_94' title='bbox 723 1145 784 1192; x_wconf 93' lang='lat' dir='ltr'>et</span> <span class='ocrx_word' id='word_1_95' title='bbox 824 1144 1269 1214; x_wconf 59' lang='lat' dir='ltr'>oppugnatores</span> 
     </span>
    </p>

    <p class='ocr_par' dir='ltr' id='par_1_3' title="bbox 48 1228 2235 1783">
     <span class='ocr_line' id='line_1_12' title="bbox 220 1228 2233 1309; baseline 0.001 -23"><span class='ocrx_word' id='word_1_96' title='bbox 220 1228 320 1287; x_wconf 79' lang='lat'>99.</span> <span class='ocrx_word' id='word_1_97' title='bbox 369 1228 535 1303; x_wconf 82' lang='lat' dir='ltr'>Quod</span> <span class='ocrx_word' id='word_1_98' title='bbox 573 1250 712 1289; x_wconf 86' lang='lat' dir='ltr'>vero</span> <span class='ocrx_word' id='word_1_99' title='bbox 746 1239 969 1309; x_wconf 88' lang='lat' dir='ltr'>spectat</span> <span class='ocrx_word' id='word_1_100' title='bbox 992 1228 1066 1286; x_wconf 90' lang='lat' dir='ltr'>ad</span> <span class='ocrx_word' id='word_1_101' title='bbox 1101 1229 1387 1288; x_wconf 87' lang='lat' dir='ltr'>unitatem</span> <span class='ocrx_word' id='word_1_102' title='bbox 1416 1229 1711 1308; x_wconf 84' lang='lat' dir='ltr'>regiminis</span> <span class='ocrx_word' id='word_1_103' title='bbox 1733 1274 1751 1305; x_wconf 83' lang='lat'>‚</span> <span class='ocrx_word' id='word_1_104' title='bbox 1789 1250 1890 1288; x_wconf 91' lang='lat' dir='ltr'>seu</span> <span class='ocrx_word' id='word_1_105' title='bbox 1918 1228 1996 1287; x_wconf 89' lang='lat' dir='ltr'>ad</span> <span class='ocrx_word' id='word_1_106' title='bbox 2018 1248 2233 1288; x_wconf 87' lang='lat' dir='ltr'>succes·-</span> 
     </span>
     <span class='ocr_line' id='line_1_13' title="bbox 140 1322 2232 1405; baseline -0.001 -21"><span class='ocrx_word' id='word_1_107' title='bbox 140 1325 363 1384; x_wconf 90' lang='lat' dir='ltr'>sionem</span> <span class='ocrx_word' id='word_1_108' title='bbox 399 1345 520 1383; x_wconf 90' lang='lat' dir='ltr'>non</span> <span class='ocrx_word' id='word_1_109' title='bbox 558 1325 947 1404; x_wconf 86' lang='lat' dir='ltr'>interruptam</span> <span class='ocrx_word' id='word_1_110' title='bbox 981 1335 1282 1404; x_wconf 86' lang='lat' dir='ltr'>pastorum</span> <span class='ocrx_word' id='word_1_111' title='bbox 1318 1344 1419 1382; x_wconf 91' lang='lat' dir='ltr'>seu</span> <span class='ocrx_word' id='word_1_112' title='bbox 1455 1324 1903 1405; x_wconf 81' lang='lat' dir='ltr'>Episcoporum‚</span> <span class='ocrx_word' id='word_1_113' title='bbox 1941 1345 1977 1382; x_wconf 89' lang='lat' dir='ltr'>a</span> <span class='ocrx_word' id='word_1_114' title='bbox 2005 1322 2232 1382; x_wconf 85' lang='lat' dir='ltr'>Christo</span> 
     </span>
     <span class='ocr_line' id='line_1_14' title="bbox 48 1417 2233 1500; baseline -0.001 -21"><span class='ocrx_word' id='word_1_115' title='bbox 48 1496 50 1499; x_wconf 12' lang='lat' dir='ltr'>v</span> <span class='ocrx_word' id='word_1_116' title='bbox 140 1419 213 1479; x_wconf 89' lang='lat' dir='ltr'>ad</span> <span class='ocrx_word' id='word_1_117' title='bbox 228 1441 333 1479; x_wconf 86' lang='lat' dir='ltr'>nos</span> <span class='ocrx_word' id='word_1_118' title='bbox 351 1439 532 1500; x_wconf 90' lang='lat' dir='ltr'>usque</span> <span class='ocrx_word' id='word_1_119' title='bbox 546 1461 564 1490; x_wconf 92' lang='lat'>‚</span> <span class='ocrx_word' id='word_1_120' title='bbox 585 1419 758 1477; x_wconf 89' lang='lat' dir='ltr'>series</span> <span class='ocrx_word' id='word_1_121' title='bbox 780 1420 1173 1477; x_wconf 85' lang='lat' dir='ltr'>Romanorum</span> <span class='ocrx_word' id='word_1_122' title='bbox 1189 1418 1532 1478; x_wconf 89' lang='lat' dir='ltr'>Pontificum</span> <span class='ocrx_word' id='word_1_123' title='bbox 1549 1463 1566 1492; x_wconf 80' lang='lat'>‚</span> <span class='ocrx_word' id='word_1_124' title='bbox 1593 1439 1725 1477; x_wconf 90' lang='lat' dir='ltr'>cum</span> <span class='ocrx_word' id='word_1_125' title='bbox 1742 1417 1950 1500; x_wconf 87' lang='lat' dir='ltr'>quibus</span> <span class='ocrx_word' id='word_1_126' title='bbox 1969 1418 2233 1477; x_wconf 90' lang='lat' dir='ltr'>omnium</span> 
     </span>
     <span class='ocr_line' id='line_1_15' title="bbox 140 1511 2235 1596; baseline -0 -23"><span class='ocrx_word' id='word_1_127' title='bbox 140 1513 571 1596; x_wconf 87' lang='lat' dir='ltr'>particularium</span> <span class='ocrx_word' id='word_1_128' title='bbox 610 1511 986 1571; x_wconf 90' lang='lat' dir='ltr'>Ecclesiarum</span> <span class='ocrx_word' id='word_1_129' title='bbox 1030 1513 1292 1593; x_wconf 90' lang='lat' dir='ltr'>Episcopi</span> <span class='ocrx_word' id='word_1_130' title='bbox 1327 1513 1863 1582; x_wconf 76' lang='lat' dir='ltr'>communicarunt..</span> <span class='ocrx_word' id='word_1_131' title='bbox 1901 1524 1990 1572; x_wconf 89' lang='lat' dir='ltr'>est</span> <span class='ocrx_word' id='word_1_132' title='bbox 2020 1533 2235 1572; x_wconf 87' lang='lat' dir='ltr'>monu-</span> 
     </span>
     <span class='ocr_line' id='line_1_16' title="bbox 141 1606 2235 1690; baseline -0 -22"><span class='ocrx_word' id='word_1_133' title='bbox 141 1619 408 1670; x_wconf 88' lang='lat' dir='ltr'>mentum</span> <span class='ocrx_word' id='word_1_134' title='bbox 447 1606 701 1667; x_wconf 82' lang='lat' dir='ltr'>indubiae</span> <span class='ocrx_word' id='word_1_135' title='bbox 737 1607 873 1667; x_wconf 88' lang='lat' dir='ltr'>fidei</span> <span class='ocrx_word' id='word_1_136' title='bbox 910 1618 1085 1688; x_wconf 89' lang='lat' dir='ltr'>atque</span> <span class='ocrx_word' id='word_1_137' title='bbox 1118 1609 1504 1669; x_wconf 88' lang='lat' dir='ltr'>certissimum</span> <span class='ocrx_word' id='word_1_138' title='bbox 1546 1609 1960 1690; x_wconf 86' lang='lat' dir='ltr'>perpetuitatis</span> <span class='ocrx_word' id='word_1_139' title='bbox 1998 1620 2057 1669; x_wconf 92' lang='lat' dir='ltr'>et</span> <span class='ocrx_word' id='word_1_140' title='bbox 2097 1609 2235 1686; x_wconf 26' lang='lat' dir='ltr'>uni·-</span> 
     </span>
     <span class='ocr_line' id='line_1_17' title="bbox 141 1703 1183 1783; baseline 0.001 -19"><span class='ocrx_word' id='word_1_141' title='bbox 141 1706 275 1764; x_wconf 86' lang='lat' dir='ltr'>tatis</span> <span class='ocrx_word' id='word_1_142' title='bbox 298 1704 590 1783; x_wconf 85' lang='lat' dir='ltr'>regiminis</span> <span class='ocrx_word' id='word_1_143' title='bbox 618 1703 876 1782; x_wconf 87' lang='lat' dir='ltr'>ejusdem</span> <span class='ocrx_word' id='word_1_144' title='bbox 906 1703 1183 1765; x_wconf 82' lang='lat' dir='ltr'>Ecclesiae.</span> 
     </span>
    </p>

    <p class='ocr_par' dir='ltr' id='par_1_4' title="bbox 143 1798 2237 2257">
     <span class='ocr_line' id='line_1_18' title="bbox 228 1798 2231 1881; baseline -0.001 -22"><span class='ocrx_word' id='word_1_145' title='bbox 228 1799 364 1859; x_wconf 91' lang='grc'><strong>100.</strong></span> <span class='ocrx_word' id='word_1_146' title='bbox 412 1798 796 1859; x_wconf 90' lang='lat' dir='ltr'>Tertullianus</span> <span class='ocrx_word' id='word_1_147' title='bbox 815 1845 831 1875; x_wconf 75' lang='grc'><em>,</em></span> <span class='ocrx_word' id='word_1_148' title='bbox 860 1800 1176 1881; x_wconf 75' lang='lat' dir='ltr'>Cyprianus</span> <span class='ocrx_word' id='word_1_149' title='bbox 1197 1847 1213 1870; x_wconf 73' lang='grc'>.,</span> <span class='ocrx_word' id='word_1_150' title='bbox 1242 1803 1486 1860; x_wconf 88' lang='lat' dir='ltr'>Irenaeus</span> <span class='ocrx_word' id='word_1_151' title='bbox 1509 1846 1524 1876; x_wconf 77' lang='grc'><em>,</em></span> <span class='ocrx_word' id='word_1_152' title='bbox 1551 1799 1826 1860; x_wconf 87' lang='lat' dir='ltr'>Eusebius</span> <span class='ocrx_word' id='word_1_153' title='bbox 1858 1799 2231 1874; x_wconf 72' lang='lat' dir='ltr'>caesariensiS,</span> 
     </span>
     <span class='ocr_line' id='line_1_19' title="bbox 147 1894 2236 1976; baseline -0.001 -23"><span class='ocrx_word' id='word_1_154' title='bbox 147 1897 392 1976; x_wconf 88' lang='lat' dir='ltr'>Optatus</span> <span class='ocrx_word' id='word_1_155' title='bbox 434 1894 842 1970; x_wconf 65' lang='lat' dir='ltr'>milevitanus7</span> <span class='ocrx_word' id='word_1_156' title='bbox 891 1896 1238 1973; x_wconf 84' lang='lat' dir='ltr'>Augustinus</span> <span class='ocrx_word' id='word_1_157' title='bbox 1281 1895 1561 1955; x_wconf 86' lang='lat' dir='ltr'>exhibent</span> <span class='ocrx_word' id='word_1_158' title='bbox 1603 1895 1926 1975; x_wconf 82' lang='lat' dir='ltr'>catalogum</span> <span class='ocrx_word' id='word_1_159' title='bbox 1951 1897 2236 1953; x_wconf 84' lang='lat' dir='ltr'>Romano-</span> 
     </span>
     <span class='ocr_line' id='line_1_20' title="bbox 144 1990 2233 2071; baseline 0 -24"><span class='ocrx_word' id='word_1_160' title='bbox 144 2012 275 2047; x_wconf 90' lang='lat' dir='ltr'>rum</span> <span class='ocrx_word' id='word_1_161' title='bbox 311 1990 652 2047; x_wconf 88' lang='lat' dir='ltr'>Pontificum</span> <span class='ocrx_word' id='word_1_162' title='bbox 684 1991 867 2049; x_wconf 89' lang='lat' dir='ltr'>sancti</span> <span class='ocrx_word' id='word_1_163' title='bbox 895 1991 1049 2049; x_wconf 87' lang='lat' dir='ltr'>Petri</span> <span class='ocrx_word' id='word_1_164' title='bbox 1082 2012 1466 2049; x_wconf 88' lang='lat' dir='ltr'>successorum</span> <span class='ocrx_word' id='word_1_165' title='bbox 1491 2011 1673 2071; x_wconf 86' lang='lat' dir='ltr'>usque</span> <span class='ocrx_word' id='word_1_166' title='bbox 1702 1990 1777 2049; x_wconf 89' lang='lat' dir='ltr'>ad</span> <span class='ocrx_word' id='word_1_167' title='bbox 1801 2013 1901 2049; x_wconf 91' lang='lat' dir='ltr'>sua</span> <span class='ocrx_word' id='word_1_168' title='bbox 1931 2001 2196 2071; x_wconf 85' lang='lat' dir='ltr'>tempora</span> <span class='ocrx_word' id='word_1_169' title='bbox 2216 2034 2233 2062; x_wconf 76' lang='lat'>‚</span> 
     </span>
     <span class='ocr_line' id='line_1_21' title="bbox 145 2082 2237 2166; baseline 0 -25"><span class='ocrx_word' id='word_1_170' title='bbox 145 2105 319 2164; x_wconf 87' lang='lat' dir='ltr'>quem</span> <span class='ocrx_word' id='word_1_171' title='bbox 370 2082 784 2164; x_wconf 90' lang='lat' dir='ltr'>subsequentes</span> <span class='ocrx_word' id='word_1_172' title='bbox 839 2085 1145 2166; x_wconf 90' lang='lat' dir='ltr'>scriptores</span> <span class='ocrx_word' id='word_1_173' title='bbox 1198 2083 1444 2144; x_wconf 88' lang='lat' dir='ltr'>subinde</span> <span class='ocrx_word' id='word_1_174' title='bbox 1504 2086 1896 2144; x_wconf 79' lang='lat' dir='ltr'>extenderunt</span> <span class='ocrx_word' id='word_1_175' title='bbox 1938 2105 2120 2164; x_wconf 90' lang='lat' dir='ltr'>usque</span> <span class='ocrx_word' id='word_1_176' title='bbox 2162 2082 2237 2141; x_wconf 86' lang='lat' dir='ltr'>ad</span> 
     </span>
     <span class='ocr_line' id='line_1_22' title="bbox 143 2180 814 2257; baseline 0 -21"><span class='ocrx_word' id='word_1_177' title='bbox 143 2189 373 2237; x_wconf 87' lang='lat' dir='ltr'>aetatem</span> <span class='ocrx_word' id='word_1_178' title='bbox 417 2189 676 2236; x_wconf 88' lang='lat' dir='ltr'>nostram</span> <span class='ocrx_word' id='word_1_179' title='bbox 704 2180 814 2257; x_wconf 75' lang='lat'>(2).</span> 
     </span>
    </p>

    <p class='ocr_par' dir='ltr' id='par_1_5' title="bbox 138 2272 2238 2638">
     <span class='ocr_line' id='line_1_23' title="bbox 229 2272 2238 2356; baseline 0 -27"><span class='ocrx_word' id='word_1_180' title='bbox 229 2273 363 2330; x_wconf 91' lang='grc'><strong>101.</strong></span> <span class='ocrx_word' id='word_1_181' title='bbox 411 2274 736 2331; x_wconf 84' lang='lat' dir='ltr'>Romanum</span> <span class='ocrx_word' id='word_1_182' title='bbox 778 2284 969 2332; x_wconf 88' lang='lat' dir='ltr'>autem</span> <span class='ocrx_word' id='word_1_183' title='bbox 1025 2274 1362 2354; x_wconf 87' lang='lat' dir='ltr'>pontificem</span> <span class='ocrx_word' id='word_1_184' title='bbox 1419 2275 1621 2354; x_wconf 90' lang='lat' dir='ltr'>quovis</span> <span class='ocrx_word' id='word_1_185' title='bbox 1665 2286 1928 2356; x_wconf 90' lang='lat' dir='ltr'>tempore</span> <span class='ocrx_word' id='word_1_186' title='bbox 1970 2272 2238 2331; x_wconf 89' lang='lat' dir='ltr'>habitum</span> 
     </span>
     <span class='ocr_line' id='line_1_24' title="bbox 141 2365 2233 2451; baseline 0.002 -28"><span class='ocrx_word' id='word_1_187' title='bbox 141 2366 311 2425; x_wconf 81' lang='lat' dir='ltr'>fuisse</span> <span class='ocrx_word' id='word_1_188' title='bbox 329 2365 508 2425; x_wconf 86' lang='lat' dir='ltr'>veluti</span> <span class='ocrx_word' id='word_1_189' title='bbox 529 2378 701 2448; x_wconf 88' lang='lat' dir='ltr'>caput</span> <span class='ocrx_word' id='word_1_190' title='bbox 724 2368 899 2426; x_wconf 92' lang='lat' dir='ltr'>totius</span> <span class='ocrx_word' id='word_1_191' title='bbox 918 2367 1174 2427; x_wconf 77' lang='lat' dir='ltr'>Ecclesiae</span> <span class='ocrx_word' id='word_1_192' title='bbox 1193 2368 1485 2428; x_wconf 83' lang='lat' dir='ltr'>catholicae</span> <span class='ocrx_word' id='word_1_193' title='bbox 1502 2414 1518 2445; x_wconf 95' lang='lat'>,</span> <span class='ocrx_word' id='word_1_194' title='bbox 1542 2369 1893 2451; x_wconf 88' lang='lat' dir='ltr'>principium</span> <span class='ocrx_word' id='word_1_195' title='bbox 1913 2413 1931 2444; x_wconf 93' lang='lat'>,</span> <span class='ocrx_word' id='word_1_196' title='bbox 1954 2367 2233 2443; x_wconf 76' lang='lat' dir='ltr'>radicem,</span> 
     </span>
     <span class='ocr_line' id='line_1_25' title="bbox 138 2461 2238 2543; baseline 0 -23"><span class='ocrx_word' id='word_1_197' title='bbox 138 2461 360 2520; x_wconf 86' lang='lat' dir='ltr'>fontem</span> <span class='ocrx_word' id='word_1_198' title='bbox 379 2506 395 2536; x_wconf 71' lang='grc'><em>,</em></span> <span class='ocrx_word' id='word_1_199' title='bbox 429 2473 694 2521; x_wconf 88' lang='lat' dir='ltr'>centrum</span> <span class='ocrx_word' id='word_1_200' title='bbox 714 2463 949 2521; x_wconf 90' lang='lat' dir='ltr'>unitatis</span> <span class='ocrx_word' id='word_1_201' title='bbox 970 2463 1261 2543; x_wconf 82' lang='lat' dir='ltr'>regiminis</span> <span class='ocrx_word' id='word_1_202' title='bbox 1281 2462 1643 2524; x_wconf 81' lang='lat' dir='ltr'>ecclesiastici</span> <span class='ocrx_word' id='word_1_203' title='bbox 1660 2509 1676 2536; x_wconf 67' lang='lat'>,</span> <span class='ocrx_word' id='word_1_204' title='bbox 1703 2468 1968 2524; x_wconf 86' lang='lat' dir='ltr'>omnium</span> <span class='ocrx_word' id='word_1_205' title='bbox 1999 2461 2238 2525; x_wconf 82' lang='lat' dir='ltr'>saeculo-</span> 
     </span>
     <span class='ocr_line' id='line_1_26' title="bbox 144 2558 1292 2638; baseline 0.003 -25"><span class='ocrx_word' id='word_1_206' title='bbox 144 2577 275 2613; x_wconf 91' lang='lat' dir='ltr'>rum</span> <span class='ocrx_word' id='word_1_207' title='bbox 319 2568 698 2617; x_wconf 88' lang='lat' dir='ltr'>monumenta</span> <span class='ocrx_word' id='word_1_208' title='bbox 727 2558 943 2638; x_wconf 86' lang='lat' dir='ltr'>pariter</span> <span class='ocrx_word' id='word_1_209' title='bbox 982 2569 1292 2619; x_wconf 86' lang='lat' dir='ltr'>testantur.</span> 
     </span>
    </p>

    <p class='ocr_par' dir='ltr' id='par_1_6' title="bbox 134 2649 2240 3019">
     <span class='ocr_line' id='line_1_27' title="bbox 227 2649 2234 2731; baseline -0.001 -22"><span class='ocrx_word' id='word_1_210' title='bbox 227 2650 362 2710; x_wconf 81' lang='lat'>102.</span> <span class='ocrx_word' id='word_1_211' title='bbox 412 2653 468 2711; x_wconf 88' lang='lat' dir='ltr'>S.</span> <span class='ocrx_word' id='word_1_212' title='bbox 494 2654 738 2711; x_wconf 88' lang='lat' dir='ltr'>Irenaeus</span> <span class='ocrx_word' id='word_1_213' title='bbox 767 2674 783 2709; x_wconf 71' lang='grc' dir='ltr'>ε</span> <span class='ocrx_word' id='word_1_214' title='bbox 810 2654 914 2712; x_wconf 79' lang='lat' dir='ltr'>Ad</span> <span class='ocrx_word' id='word_1_215' title='bbox 950 2653 1107 2711; x_wconf 64' lang='lat' dir='ltr'>lianc</span> <span class='ocrx_word' id='word_1_216' title='bbox 1147 2654 1480 2713; x_wconf 74' lang='lat' dir='ltr'>Ecclesiam</span> <span class='ocrx_word' id='word_1_217' title='bbox 1528 2652 1959 2731; x_wconf 73' lang='lat' dir='ltr'>(romanam),</span> <span class='ocrx_word' id='word_1_218' title='bbox 2002 2649 2234 2723; x_wconf 81' lang='lat' dir='ltr'>scribit,</span> 
     </span>
     <span class='ocr_line' id='line_1_28' title="bbox 134 2749 2239 2826; baseline -0.001 -22"><span class='ocrx_word' id='word_1_219' title='bbox 134 2757 379 2824; x_wconf 79' lang='lat' dir='ltr'>propter</span> <span class='ocrx_word' id='word_1_220' title='bbox 390 2751 778 2824; x_wconf 77' lang='lat' dir='ltr'>potentiore-m</span> <span class='ocrx_word' id='word_1_221' title='bbox 791 2749 1315 2826; x_wconf 71' lang='lat' dir='ltr'>principalitatem</span> <span class='ocrx_word' id='word_1_222' title='bbox 1334 2769 1557 2806; x_wconf 72' lang='lat' dir='ltr'>necesse</span> <span class='ocrx_word' id='word_1_223' title='bbox 1580 2758 1663 2806; x_wconf 76' lang='lat' dir='ltr'>est</span> <span class='ocrx_word' id='word_1_224' title='bbox 1684 2767 1910 2805; x_wconf 82' lang='lat' dir='ltr'>omnem</span> <span class='ocrx_word' id='word_1_225' title='bbox 1930 2751 2239 2804; x_wconf 76' lang='lat' dir='ltr'>convenire</span> 
     </span>
     <span class='ocr_line' id='line_1_29' title="bbox 145 2838 2239 2922; baseline 0 -25"><span class='ocrx_word' id='word_1_226' title='bbox 145 2839 476 2899; x_wconf 74' lang='lat' dir='ltr'>Ecclesiam</span> <span class='ocrx_word' id='word_1_227' title='bbox 502 2887 519 2908; x_wconf 90' lang='lat'><em>,</em></span> <span class='ocrx_word' id='word_1_228' title='bbox 545 2851 602 2899; x_wconf 73' lang='lat' dir='ltr'>ec</span> <span class='ocrx_word' id='word_1_229' title='bbox 628 2862 718 2899; x_wconf 77' lang='lat' dir='ltr'>eos</span> <span class='ocrx_word' id='word_1_230' title='bbox 742 2845 856 2919; x_wconf 81' lang='lat' dir='ltr'>qui</span> <span class='ocrx_word' id='word_1_231' title='bbox 880 2852 1025 2899; x_wconf 75' lang='lat' dir='ltr'>sunt</span> <span class='ocrx_word' id='word_1_232' title='bbox 1052 2844 1320 2921; x_wconf 80' lang='lat' dir='ltr'>undique</span> <span class='ocrx_word' id='word_1_233' title='bbox 1333 2843 1531 2920; x_wconf 76' lang='lat' dir='ltr'>fideles</span> <span class='ocrx_word' id='word_1_234' title='bbox 1546 2865 1565 2908; x_wconf 92' lang='lat'>‚·</span> <span class='ocrx_word' id='word_1_235' title='bbox 1596 2852 1770 2922; x_wconf 90' lang='lat' dir='ltr'>atque</span> <span class='ocrx_word' id='word_1_236' title='bbox 1802 2839 2062 2922; x_wconf 82' lang='lat' dir='ltr'>exposita</span> <span class='ocrx_word' id='word_1_237' title='bbox 2093 2838 2239 2898; x_wconf 90' lang='lat' dir='ltr'>serie</span> 
     </span>
     <span class='ocr_line' id='line_1_30' title="bbox 148 2933 2240 3019; baseline 0.001 -29"><span class='ocrx_word' id='word_1_238' title='bbox 148 2933 540 2994; x_wconf 86' lang='lat' dir='ltr'>Romanorum</span> <span class='ocrx_word' id='word_1_239' title='bbox 582 2936 927 2996; x_wconf 87' lang='lat' dir='ltr'>Pontificum</span> <span class='ocrx_word' id='word_1_240' title='bbox 968 2958 1002 2996; x_wconf 88' lang='lat' dir='ltr'>a</span> <span class='ocrx_word' id='word_1_241' title='bbox 1033 2937 1091 2996; x_wconf 89' lang='lat' dir='ltr'>S.</span> <span class='ocrx_word' id='word_1_242' title='bbox 1118 2939 1288 2996; x_wconf 90' lang='lat' dir='ltr'>Petro</span> <span class='ocrx_word' id='word_1_243' title='bbox 1330 2957 1511 3019; x_wconf 90' lang='lat' dir='ltr'>usque</span> <span class='ocrx_word' id='word_1_244' title='bbox 1552 2935 1628 2995; x_wconf 90' lang='lat' dir='ltr'>ad</span> <span class='ocrx_word' id='word_1_245' title='bbox 1668 2934 2063 2995; x_wconf 80' lang='lat' dir='ltr'>Eleutheriu&#39;m</span> <span class='ocrx_word' id='word_1_246' title='bbox 2104 2954 2240 2993; x_wconf 79' lang='lat' dir='ltr'>con·</span> 
     </span>
    </p>
   </div>
   <div class='ocr_carea' id='block_1_3' title="bbox 147 3201 2269 3678">
    <p class='ocr_par' dir='ltr' id='par_1_7' title="bbox 147 3201 2240 3435">
     <span class='ocr_line' id='line_1_31' title="bbox 218 3201 2238 3271; baseline 0.001 -21"><span class='ocrx_word' id='word_1_247' title='bbox 218 3203 285 3265; x_wconf 88' lang='grc'>(1)</span> <span class='ocrx_word' id='word_1_248' title='bbox 319 3201 491 3267; x_wconf 86' lang='lat' dir='ltr'>Bishop</span> <span class='ocrx_word' id='word_1_249' title='bbox 529 3201 719 3252; x_wconf 77' lang='lat' dir='ltr'>Newton</span> <span class='ocrx_word' id='word_1_250' title='bbox 743 3238 761 3264; x_wconf 86' lang='lat'>‚</span> <span class='ocrx_word' id='word_1_251' title='bbox 799 3202 1149 3251; x_wconf 62' lang='lat' dir='ltr'>Diues-tatium</span> <span class='ocrx_word' id='word_1_252' title='bbox 1228 3204 1442 3252; x_wconf 79' lang='lat' dir='ltr'>romaine</span> <span class='ocrx_word' id='word_1_253' title='bbox 1479 3211 1582 3252; x_wconf 69' lang='lat' dir='ltr'>sont</span> <span class='ocrx_word' id='word_1_254' title='bbox 1604 3219 1676 3251; x_wconf 72' lang='lat' dir='ltr'>vcm</span> <span class='ocrx_word' id='word_1_255' title='bbox 1705 3202 1888 3268; x_wconf 71' lang='lat' dir='ltr'>qmnde</span> <span class='ocrx_word' id='word_1_256' title='bbox 1907 3206 2076 3271; x_wconf 72' lang='lat' dir='ltr'>partie·</span> <span class='ocrx_word' id='word_1_257' title='bbox 2101 3209 2238 3253; x_wconf 66' lang='lat' dir='ltr'>antd-</span> 
     </span>
     <span class='ocr_line' id='line_1_32' title="bbox 149 3282 2240 3351; baseline 0.002 -21"><span class='ocrx_word' id='word_1_258' title='bbox 149 3300 210 3330; x_wconf 80' lang='lat' dir='ltr'>on</span> <span class='ocrx_word' id='word_1_259' title='bbox 251 3283 325 3331; x_wconf 79' lang='lat' dir='ltr'>the</span> <span class='ocrx_word' id='word_1_260' title='bbox 353 3283 662 3349; x_wconf 62' lang='lat' dir='ltr'>propheciae,</span> <span class='ocrx_word' id='word_1_261' title='bbox 709 3282 839 3333; x_wconf 81' lang='lat' dir='ltr'>in-80</span> <span class='ocrx_word' id='word_1_262' title='bbox 857 3320 874 3346; x_wconf 91' lang='lat'>,</span> <span class='ocrx_word' id='word_1_263' title='bbox 911 3296 1026 3334; x_wconf 80' lang='lat' dir='ltr'>tom.</span> <span class='ocrx_word' id='word_1_264' title='bbox 1061 3299 1109 3333; x_wconf 81' lang='grc' dir='ltr'>ιιι</span> <span class='ocrx_word' id='word_1_265' title='bbox 1133 3322 1147 3346; x_wconf 85' lang='grc'><em>,</em></span> <span class='ocrx_word' id='word_1_266' title='bbox 1229 3288 1386 3334; x_wconf 71' lang='lat' dir='ltr'>rieurs</span> <span class='ocrx_word' id='word_1_267' title='bbox 1404 3286 1435 3334; x_wconf 83' lang='grc' dir='ltr'><em>ὰ</em></span> <span class='ocrx_word' id='word_1_268' title='bbox 1444 3302 1645 3351; x_wconf 72' lang='lat' dir='ltr'>presque</span> <span class='ocrx_word' id='word_1_269' title='bbox 1666 3295 1770 3336; x_wconf 73' lang='lat' dir='ltr'>tous</span> <span class='ocrx_word' id='word_1_270' title='bbox 1801 3286 1865 3335; x_wconf 72' lang='lat' dir='ltr'>les</span> <span class='ocrx_word' id='word_1_271' title='bbox 1894 3286 2240 3336; x_wconf 57' lang='lat' dir='ltr'>&amp;inminentem</span> 
     </span>
     <span class='ocr_line' id='line_1_33' title="bbox 147 3363 1836 3435; baseline 0.004 -24"><span class='ocrx_word' id='word_1_272' title='bbox 147 3382 189 3412; x_wconf 90' lang='lat' dir='ltr'>c.</span> <span class='ocrx_word' id='word_1_273' title='bbox 244 3381 327 3424; x_wconf 87' lang='lat'>10,</span> <span class='ocrx_word' id='word_1_274' title='bbox 373 3383 473 3430; x_wconf 87' lang='lat' dir='ltr'>pag.</span> <span class='ocrx_word' id='word_1_275' title='bbox 514 3363 635 3430; x_wconf 73' lang='lat'><strong>148,</strong></span> <span class='ocrx_word' id='word_1_276' title='bbox 688 3366 920 3431; x_wconf 81' lang='lat' dir='ltr'>London3</span> <span class='ocrx_word' id='word_1_277' title='bbox 963 3368 1155 3416; x_wconf 81' lang='lat' dir='ltr'>addatur</span> <span class='ocrx_word' id='word_1_278' title='bbox 1227 3365 1484 3432; x_wconf 69' lang='lat' dir='ltr'>poliliques</span> <span class='ocrx_word' id='word_1_279' title='bbox 1502 3366 1560 3415; x_wconf 82' lang='lat' dir='ltr'>de</span> <span class='ocrx_word' id='word_1_280' title='bbox 1584 3365 1836 3435; x_wconf 78' lang='lat' dir='ltr'>l&#39;Europe.</span> 
     </span>
    </p>

    <p class='ocr_par' dir='ltr' id='par_1_8' title="bbox 147 3445 2269 3678">
     <span class='ocr_line' id='line_1_34' title="bbox 147 3445 2269 3512; baseline 0.003 -20"><span class='ocrx_word' id='word_1_281' title='bbox 147 3445 318 3506; x_wconf 84' lang='lat' dir='ltr'>Hume,</span> <span class='ocrx_word' id='word_1_282' title='bbox 337 3449 482 3511; x_wconf 89' lang='lat' dir='ltr'>quiin</span> <span class='ocrx_word' id='word_1_283' title='bbox 494 3465 573 3495; x_wconf 83' lang='lat' dir='ltr'>sua</span> <span class='ocrx_word' id='word_1_284' title='bbox 590 3447 812 3497; x_wconf 72' lang='lat' dir='ltr'>Historia</span> <span class='ocrx_word' id='word_1_285' title='bbox 825 3449 1037 3498; x_wconf 82' lang='lat' dir='ltr'>Henrici</span> <span class='ocrx_word' id='word_1_286' title='bbox 1052 3465 1154 3510; x_wconf 82' lang='lat' dir='ltr'>vm,</span> <span class='ocrx_word' id='word_1_287' title='bbox 1306 3448 1374 3512; x_wconf 80' lang='lat'>(2)</span> <span class='ocrx_word' id='word_1_288' title='bbox 1406 3449 1461 3498; x_wconf 84' lang='lat' dir='ltr'>ln</span> <span class='ocrx_word' id='word_1_289' title='bbox 1517 3448 1724 3499; x_wconf 67' lang='lat' dir='ltr'>Historiis</span> <span class='ocrx_word' id='word_1_290' title='bbox 1771 3451 2086 3500; x_wconf 67' lang='lat' dir='ltr'>ecclesiasticis</span> <span class='ocrx_word' id='word_1_291' title='bbox 2135 3465 2237 3498; x_wconf 75' lang='lat' dir='ltr'>om-</span> <span class='ocrx_word' id='word_1_292' title='bbox 2263 3482 2269 3491; x_wconf 88' lang='lat'><strong>·</strong></span> 
     </span>
     <span class='ocr_line' id='line_1_35' title="bbox 148 3529 1396 3593; baseline 0.002 -18"><span class='ocrx_word' id='word_1_293' title='bbox 148 3544 250 3591; x_wconf 84' lang='lat' dir='ltr'>cap.</span> <span class='ocrx_word' id='word_1_294' title='bbox 286 3543 367 3593; x_wconf 87' lang='lat'>29,</span> <span class='ocrx_word' id='word_1_295' title='bbox 391 3529 447 3576; x_wconf 85' lang='lat' dir='ltr'>ad</span> <span class='ocrx_word' id='word_1_296' title='bbox 473 3547 648 3577; x_wconf 85' lang='lat' dir='ltr'>annum</span> <span class='ocrx_word' id='word_1_297' title='bbox 683 3529 801 3580; x_wconf 79' lang='lat'>1521</span> <span class='ocrx_word' id='word_1_298' title='bbox 831 3568 845 3592; x_wconf 91' lang='lat'>‚</span> <span class='ocrx_word' id='word_1_299' title='bbox 877 3531 1157 3580; x_wconf 82' lang='lat' dir='ltr'>affirmavit:</span> <span class='ocrx_word' id='word_1_300' title='bbox 1242 3530 1396 3578; x_wconf 80' lang='lat' dir='ltr'>nibus.</span> 
     </span>
     <span class='ocr_line' id='line_1_36' title="bbox 155 3605 1160 3678; baseline 0.005 -23"><span class='ocrx_word' id='word_1_301' title='bbox 155 3607 262 3673; x_wconf 73' lang='lat' dir='ltr'>Qua</span> <span class='ocrx_word' id='word_1_302' title='bbox 291 3608 356 3656; x_wconf 65' lang='lat' dir='ltr'>les</span> <span class='ocrx_word' id='word_1_303' title='bbox 380 3613 611 3674; x_wconf 75' lang='lat' dir='ltr'>pouvoirs</span> <span class='ocrx_word' id='word_1_304' title='bbox 637 3616 820 3661; x_wconf 66' lang='lat' dir='ltr'>eaerchs</span> <span class='ocrx_word' id='word_1_305' title='bbox 836 3629 935 3678; x_wconf 82' lang='lat' dir='ltr'>par</span> <span class='ocrx_word' id='word_1_306' title='bbox 957 3605 1160 3676; x_wconf 76' lang='lat' dir='ltr'>I&#39;quiso</span> 
     </span>
    </p>
   </div>
  </div>
 </body>
</html>
