2554 4140
2069 112 2182 172 163

432 137 556 174 CAP.
604 137 682 177 lv.
728 138 796 173 DE
841 135 1017 174 EXIST.
1066 135 1178 177 mv.
1225 137 1296 174 Ac
1338 133 1637 174 SUPERNAT.
1683 134 1815 173 BEV.

78 277 483 357 conjunctione
528 299 592 337 ac
641 277 821 339 veluti
857 296 1140 357 con-cursu
1182 273 1442 356 plurium
1481 298 1787 336 causarum
1825 273 2184 355 naturalium
2218 331 2220 333 ,

81 375 226 434 ratio
271 371 557 432 sufficiens
596 371 846 431 habetur
898 367 1326 451 propagationis
1378 369 1671 450 religionis
1714 370 2058 431 christianae.
2107 370 2187 429 Eo

82 468 333 530 contulit
383 471 446 526 1Ο
492 478 581 527 tot
618 466 965 549 populorum
1004 462 1338 539 conjunctio
1375 463 1488 522 sub
1535 485 1650 523 una
1691 466 1922 546 imperii
1962 465 2190 524 romani

85 566 461 638 auctoritate,
499 584 622 644 quo
647 562 865 620 factum
891 569 1008 630 est,
1047 567 1114 614 ut
1137 556 1291 615 fama
1316 556 1486 637 longe
1515 557 1746 639 lateque
1778 570 2194 641 propagaretur

87 682 253 721 novae
289 660 450 718 istius
485 655 808 735 religionis·
794 700 810 726 ‚
848 653 918 710 2⁰
951 650 1178 711 indoles
1205 651 1588 732 philosophiae
1623 664 1682 710 et
1708 652 2146 734 dispositionis
2129 677 2194 714 m

84 756 374 838 plerisque
396 749 877 836 philosophorum
899 747 1070 807 sectis
1093 746 1252 807 illius
1282 748 1502 821 aetatiS‚
1511 767 1660 828 quae
1693 747 1755 805 in
1776 749 2197 827 m‘ysticismum

80 833 500 922 declinaverat,
539 855 599 904 et
631 845 693 902 in
727 862 987 903 amorem
1025 842 1351 901 solitudinis
1388 864 1455 902 ac
1484 841 1878 901 meditationis
1899 888 1914 916 v
1955 865 2198 926 quaeque

84 968 278 1006 rerum
302 954 680 1002 externarum
716 949 1121 1020 contemptum
1149 936 1456 1018 ingerebat
1491 959 1556 996 ac
1591 938 2023 1019 scepticismum
2051 940 2201 999 circa

84 1055 372 1123 paganam
414 1034 751 1114 religionem
790 1034 912 1115 (1);
954 1033 1020 1092 30
1063 1031 1216 1092 bella
1259 1044 1321 1092 et
1353 1032 1836 1114 depopulationes
1873 1033 2203 1113 provincia-

82 1156 215 1194 rum
255 1152 362 1215 per
404 1129 717 1203 barbaros,
768 1128 875 1188 sub
920 1128 1185 1195 ¹Gallieno
1230 1130 1585 1210 Imperatore
1628 1131 1989 1211 praesertim,
2036 1139 2188 1192 teste

81 1230 208 1310 ipso
243 1215 565 1287 Sozomeno
604 1225 692 1304 (2)
715 1269 730 1297 ‚
770 1225 860 1282 cui
891 1223 1327 1305 adstipulantur
1361 1223 1760 1284 Theodoretus
1799 1235 1860 1284 et
1896 1224 2205 1286 Philostor-

82 1324 244 1404 gius3
288 1320 498 1403 quibus
529 1319 747 1380 factum
774 1329 864 1378 est
884 1363 900 1393 ,
932 1329 999 1377 ut
1026 1319 1181 1378 inter
1216 1318 1494 1378 barbaros
1527 1340 1808 1378 numerus
1845 1318 2205 1379 Christiano-

87 1440 221 1476 rum
281 1427 605 1496 augeretur.
655 1415 738 1473 Ex
778 1414 964 1474 causis
1008 1434 1145 1476 vero
1187 1414 1437 1473 internis
1479 1413 1857 1473 contulerunt
1883 1459 1900 1489 ,
1961 1415 2028 1473 40
2081 1416 2207 1498 ipsa

87 1511 535 1572 christianorum
567 1507 871 1590 disciplina
904 1518 965 1567 et
995 1508 1232 1571 vivendi
1264 1509 1411 1567 ratio
1437 1533 1453 1582 3
1497 1530 1568 1567 ex
1607 1508 1721 1591 quo
1761 1509 1921 1568 enim
1953 1511 2208 1589 Evange-

85 1606 230 1665 lium
279 1604 576 1687 praedicari
611 1604 825 1686 coepit,
872 1603 1356 1685 frequentissimae
1399 1603 1636 1662 fuerunt
1681 1602 2041 1679 oblationeS.,
2092 1603 2208 1686 pri-

91 1701 298 1777 mitiae,
338 1699 650 1783 sportulae,
687 1718 915 1782 agapae,
961 1698 1265 1774 convivia„
1311 1718 1526 1758 mensae
1568 1720 1908 1758 communes
1956 1698 2207 1778 (3).1n-

155 1893 228 1954 (1)
266 1892 375 1940 Haec
390 1891 740 1956 difficultasjam
760 1891 989 1954 proposita
1005 1889 1108 1946 fue-
1190 1888 1378 1936 tradunt
1410 1906 1492 1953 per
1528 1889 1864 1954 philosophiam
1894 1890 2089 1938 verbum
2107 1892 2206 1956 jam

92 1984 162 2021 rat
200 1992 225 2022 a
254 1972 607 2039 Montesquieu,
651 1970 828 2037 Esprit
871 1969 951 2018 des
982 1969 1105 2032 lois,
1189 1971 1381 2035 populos
1420 1958 1698 2035 praeparasse
1733 2008 1747 2027 ,
1793 1974 2040 2037 praesertim
2096 1990 2205 2022 vero

92 2054 172 2102 liv.
223 2059 339 2102 xx'ut
361 2092 372 2113 ,
413 2054 488 2101 ch.
535 2069 589 2100 21
617 2072 629 2110 3
660 2063 704 2101 et
742 2070 767 2100 a
810 2046 1064 2100 Deslandes
1089 2089 1102 2110 ‚
1189 2051 1362 2100 Euseb.
1394 2051 1531 2100 Hist.
1552 2051 1662 2099 eccl.
1694 2052 1779 2101 lib.
1816 2069 1869 2099 m
1894 2089 1907 2112 ,
1931 2070 1979 2115 c.)
2002 2053 2063 2118 37
2086 2053 2205 2102 :Si-
2247 2102 2249 2104 ,

94 2131 156 2183 II
156 2137 230 2183 ist.
246 2137 354 2183 crit.
366 2132 707 2201 philosophice,
726 2133 811 2181 lib.
834 2150 900 2180 vn
921 2168 936 2192 ,
956 2150 999 2181 c.
1019 2131 1101 2196 34.
1186 2133 1379 2197 quidem
1401 2132 1619 2198 plerique
1637 2172 1653 2193 ,
1684 2135 1837 2198 inquit
1850 2170 1863 2194 ,
1880 2149 1939 2181 ex
1966 2132 2061 2181 illis
2086 2141 2205 2183 tem-

91 2216 437 2268 Eclectieismus
460 2255 472 2275 ‚
494 2219 624 2265 aiunt
642 2219 729 2281 ipsi
750 2254 763 2275 ,
794 2230 933 2281 opera
965 2214 1102 2265 Pot'a-

90 2303 242 2350 monis
289 2299 380 2348 sub
424 2299 630 2363 Augusto
673 2299 894 2346 inductus
934 2298 1100 2347 fuerat.

88 2383 193 2450 Quo
218 2387 488 2447 argumento
521 2383 591 2429 usi
609 2391 718 2429 sunt
743 2380 897 2429 Patres
913 2417 926 2440 ‚
961 2390 1012 2428 ut
1036 2381 1104 2429 fa-

90 2468 222 2515 cilius
234 2468 497 2515 evincerent
512 2460 868 2528 philosophiam,
886 2463 1105 2529 quemad·

91 2548 283 2596 modum
322 2548 409 2611 ipsi
436 2546 652 2604 aiebant,
692 2555 894 2593 nostram
938 2543 1101 2592 selecta

91 2641 136 2679 et
161 2631 464 2695 praestantiora
485 2628 696 2692 dogmata
722 2629 935 2674 omnium
960 2636 1104 2673 secta-

92 2729 195 2759 rum
222 2714 271 2758 iu
303 2728 349 2757 se
377 2711 630 2757 continere.
655 2707 719 2754 Ea
745 2709 932 2771 insuper
953 2717 1103 2766 aetate,

95 2811 183 2858 qua
212 2793 369 2857 religio
396 2792 642 2839 christiana
675 2790 908 2853 praedicari
938 2792 1100 2854 coepit,

93 2892 117 2920 a
149 2873 359 2938 pluribus
379 2871 762 2937 philosophorum
789 2873 918 2919 sectis
933 2872 1099 2920 induc-

93 2966 187 3002 tam
208 2958 372 3010 ,nescio
418 2970 557 3020 quam
597 2954 881 3002 aversionem
922 2955 1102 3017 imperii

93 3040 304 3095 romani,
338 3039 453 3101 quin
486 3038 579 3084 imo
607 3046 650 3083 et
680 3036 738 3083 ab
771 3034 987 3083 omnibus
1007 3034 1100 3099 jam

93 3133 264 3165 eversae
305 3117 566 3181 reipublicae
605 3119 798 3182 negotiis
838 3115 1100 3180 ἅπαθείοιυ,

94 3199 258 3248 exinde
296 3197 582 3263 perfectionis
619 3196 777 3249 ‘veluti
802 3200 955 3246 ideam
1004 3210 1101 3247 tum

95 3282 189 3328 sere
211 3281 333 3345 apud
360 3292 519 3328 omnes
549 3280 963 3344 contemplationi,
1005 3297 1102 3329 me-

92 3363 305 3410 ditationi
336 3376 389 3409 ac
410 3361 645 3409 solitudini
664 3361 847 3410 affixam
870 3398 883 3420 ‚
912 3376 1012 3427 quae
1031 3380 1103 3410 se·

93 3447 253 3493 mitam
282 3443 574 3509 dogmatibus
606 3457 660 3492 ac
688 3443 936 3508 disciplina}
949 3442 1102 3491 Chris·

92 3529 319 3576 tinum-um
348 3527 540 3591 aperiret
562 3562 575 3585 ‚
604 3535 741 3589 prout
760 3527 966 3573 innuunt
990 3525 1104 3574 Jus-

93 3610 216 3656 tinus
258 3617 304 3656 et
339 3605 555 3657 Clemens
581 3603 712 3656 Alex.
735 3643 748 3668 ‚
780 3607 892 3658 dum
933 3610 1104 3672 passim

1182 2217 1320 2280 poris
1348 2213 1632 2279 discipulis,
1669 2230 1875 2278 quorum
1906 2217 2095 2263 animos
2119 2232 2204 2264 ar-

1185 2294 1740 2361 dentior-&philosophice
1754 2295 1992 2345 desiderio
2005 2297 2202 2347 verbum

1182 2366 1483 2439 incenderat,
1504 2377 1777 2427 Servalom's
1807 2381 1961 2427 nostri
1981 2396 2203 2445 praecep·

1183 2469 1287 2508 tum
1319 2462 1433 2526 jam
1460 2468 1572 2508 ante
1618 2459 1933 2526 impleverant
1955 2459 2197 2529 (Συ-νέμον

1185 2539 1385 2609 arpis-epos
1422 2540 1702 2608 εἶπαι-λέμου,
1731 2540 2086 2609 παρακέλευσιν)
2122 2543 2201 2592 di·

1184 2627 1304 2673 visis
1350 2627 1478 2673 inter
1508 2633 1696 2689 eqemes
1733 2625 2046 2689 facultatibus
2073 2626 2198 2675 suis.

1184 2705 1260 2754 Ibi
1275 2706 1683 2754 notatWillelmus
1702 2705 1832 2754 Lowt
1850 2705 2107 2755 Eusebium
2121 2705 2200 2756 hic

1185 2805 1260 2835 eos
1298 2788 1485 2836 fortasse
1519 2788 1775 2851 respicere,
1827 2803 1928 2853 quae
1961 2789 2198 2836 severiorIs

1187 2871 1287 2917 vitae
1327 2868 1536 2917 instituto
1573 2874 1619 2916 et
1665 2885 1820 2916 rerum
1854 2869 2198 2918 mundanarum

1183 2961 1447 3015 contemptu
1474 2952 1562 2998 acti
1583 2952 1681 3015 jam
1697 2951 1878 2999 fueraut
1896 2967 1910 3014 3
1926 2968 2068 3018 quare
2089 2967 2197 3016 prae·

1184 3043 1366 3097 ceptum
1400 3031 1568 3080 Christi
1611 3033 1668 3080 de
1699 3034 1924 3081 divisione
1962 3033 2195 3081 bonorum

1184 3113 1464 3179 pauperibus
1488 3114 1696 3162 facienda
1701 3115 1814 3181 jam
1829 3123 1970 3162 antea
1992 3151 2005 3173 ‚
2024 3114 2197 3163 scilicet

1186 3205 1438 3261 antequam
1469 3194 1683 3259 religioni
1716 3195 1882 3244 divinae
1917 3211 2088 3243 nomen
2110 3193 2197 3243 da-

1187 3287 1315 3336 rent,
1336 3277 1715 3342 adimpleverant.
1742 3275 1832 3326 Sed
1849 3294 1921 3327 res
1942 3279 2115 3326 incerta
2136 3289 2194 3325 ex

1185 3358 1401 3408 Eusebio.
1452 3369 1457 3374 ’

1254 3440 1321 3504 (2)
1359 3439 1498 3490 Hist.
1532 3439 1715 3502 eccles„
1741 3441 1828 3490 lib.
1857 3458 1924 3499 11,
1953 3457 2052 3505 cap.
2069 3436 2120 3487 6.

1256 3523 1321 3586 (3)
1356 3523 1482 3572 Hanc
1499 3523 1819 3572 difficultatem
1842 3532 1974 3586 urget
1992 3518 2195 3571 Thomas

1236 3605 1379 3654 obbes
1419 3608 1468 3653 in
1515 3615 1697 3670 satyra,
1739 3621 1877 3671 quam
1921 3602 2197 3651 Historiam

1856 3685 1951 3746 11.
