2554 4140
2103 123 2222 183 367

1003 142 1297 181 CONCLUSIO
1308 164 1318 177 .

105 290 430 371 comparari
474 310 641 370 posse
668 334 684 362 ‚
740 309 930 368 neque
968 287 1226 345 humana
1268 285 1593 360 industria,
1644 284 1853 366 quibus
1908 286 2221 346 virtutibus

106 395 260 442 certe
288 382 515 464 pollent
546 382 740 464 plures
768 383 924 440 inter
950 378 1217 440 sectarios
1237 423 1254 454 ‚
1281 372 1402 438 ‘nee
1439 380 1775 461 quempiam
1812 379 1886 440 de
1914 402 1975 440 se
2008 380 2226 442 debere·

105 499 458 559 praesumere
481 522 496 551 ‚
535 489 593 536 et
622 499 636 535 ε
676 478 798 557 Qui
822 498 879 534 se
908 475 1211 534 existimat
1239 485 1430 545 stare,
1461 475 1658 532 videat
1686 497 1759 533 ne
1787 477 1968 535 eadat
1991 475 2014 554 (
2035 479 2058 534 I
2083 476 2218 535 Cor.

109 575 158 631 X
183 618 198 647 ,
245 574 322 630 12
346 573 407 651 );
449 593 631 654 quum
669 574 821 630 Deus
860 569 933 628 de
962 589 1022 627 se
1050 578 1470 647 praesumentes
1513 568 1812 628 demiserit
1840 572 1902 627 in
1941 570 2229 631 desideria⁴

105 669 292 727 cordis
337 690 571 742 eorum7
613 685 912 749 quumque
947 663 1200 720 dicentes
1243 658 1300 718 sc
1345 681 1460 718 esse
1498 670 1826 742 sapientae,
1872 669 2046 725 stulti
2068 670 2234 745 facti

105 771 261 836 sint,
301 759 356 823 et
398 767 558 828 Deus
605 783 811 821 errare
843 778 933 817 eos
964 761 1174 836 feeerit
1213 760 1394 834 quasi
1433 757 1662 823 ebrios,-
1707 760 1851 819 adeo
1899 773 1965 819 ut
2011 763 2109 822 vix
2152 765 2226 822 sit

102 881 366 918 errorum
403 868 731 916 monstrum
778 854 901 915 sive
949 853 1334 912 theoretieum
1389 852 1511 912 sive
1560 854 1916 933 practicum.,
1961 859 2023 916 in
2066 859 2229 940 quod

104 955 236 1036 plus
273 955 469 1012 minus
498 948 780 1028 ejusmodi
798 949 1100 1030 ‘sapientes
1130 970 1252 1006 non
1283 946 1624 1022 inciderint,
1668 959 1727 1007 et
1758 949 1854 1007 vix
1887 952 1961 1009 sit
1993 965 2228 1013 contra-

105 1050 281 1108 dictio
309 1094 324 1123 ,
364 1051 425 1105 in
467 1065 644 1127 quam
679 1046 789 1126 ipsi
834 1045 1087 1125 turpiter
1120 1066 1242 1101 non
1296 1044 1413 1100 sint
1459 1042 1749 1124 prolapsi3
1806 1046 1884 1104 sie
1929 1041 2229 1109 neminem

106 1144 273 1203 aliter
298 1138 466 1224 posse
495 1143 557 1198 in
587 1142 700 1199 fide
732 1160 1106 1221 perseverare
1135 1139 1246 1197 nisi
1279 1138 1611 1198 humilitate
1638 1151 1698 1199 et
1726 1143 1988 1201 oratione
2009 1187 2024 1217 ‚
2053 1157 2230 1225 prout

105 1259 280 1297 nemo
304 1237 378 1295 ad
406 1258 607 1298 veram
635 1235 809 1294 fidem
837 1235 949 1292 nisi
972 1234 1306 1292 humilitate
1330 1245 1389 1292 et
1408 1235 1671 1293 oratione
1694 1236 1966 1296 accedere
1988 1250 2183 1319 potest
2210 1264 2223 1299 :

106 1337 273 1392 Deus
319 1335 481 1390 enim
543 1332 819 1410 superbis
873 1333 1136 1401 resistit,
1183 1331 1521 1388 humilibus
1565 1341 1762 1389 autem
1811 1333 1920 1390 dat
1958 1338 2231 1414 qratiam

107 1431 271 1507 (Jac.
321 1429 439 1500 IVv7
487 1427 523 1484 6
554 1429 854 1507 ).·Neque
898 1422 1130 1483 'mirum
1190 1425 1463 1506 cuiquam
1517 1425 1704 1484 videri
1762 1426 1939 1487 debet
2003 1440 2232 1491 tantam

107 1523 419 1580 hominum
435 1520 879 1580 multitudinem
896 1520 957 1578 in
975 1520 1177 1578 haeresi
1193 1520 1287 1578 vel
1306 1519 1616 1582 schismate
1635 1523 1853 1585 versari
1868 1568 1883 1596 ,
1911 1523 2237 1586 dummodo

105 1618 150 1675 is
179 1634 382 1675 secum
412 1619 608 1675 animo
639 1627 875 1697 reputet
898 1661 913 1689 ,
939 1626 1077 1674 ante
1100 1614 1425 1676 adventum
1447 1615 1698 1688 Christi,
1730 1618 1919 1676 Deum
1945 1620 2232 1689 dimisisse

108 1734 315 1771 omnes
350 1724 550 1791 gentes
586 1710 811 1790 ingredi
846 1711 968 1771 vias
1007 1732 1166 1785 suas,
1211 1732 1326 1768 una
1364 1723 1603 1792 excepta
1640 1710 1912 1772 hebraica
1953 1716 2229 1791 natione3

105 1820 241 1890 post
281 1807 579 1866 Christum
613 1828 785 1881 vero,
818 1817 1051 1866 vocatas
1086 1805 1326 1886 quidem
1359 1807 1531 1864 fuisse
1564 1818 1764 1886 gentes
1803 1807 1877 1867 ad
1905 1808 2113 1886 fidem,
2145 1824 2235 1871 ast

104 1903 404 1981 judaicum
445 1902 728 1984 populum
752 1902 814 1959 in
839 1903 1163 1962 coecitatem
1187 1922 1252 1960 ac
1273 1902 1486 1960 mentis
1507 1913 1808 1983 stuporem
1832 1903 2101 1965 incidisse
2116 1907 2229 1987 (l).

195 1997 331 2056 337.
379 1998 524 2056 Cum
554 1998 728 2076 igitur
761 2018 831 2055 ex
869 1996 1037 2055 dictis
1068 1996 1285 2077 duplex
1313 2006 1545 2055 tantum
1570 1999 1647 2055 sit
1674 1997 1748 2056 ad
1770 1999 2079 2060 veritatem
2109 2003 2232 2075 via,

112 2099 268 2152 ratio
307 2093 573 2158 videlicet
594 2106 653 2152 et
679 2097 1043 2164 auetoritaS,
1080 2113 1282 2151 omnes
1308 2092 1380 2152 de
1412 2092 1689 2174 religione
1724 2098 2131 2157 controversiae
2160 2100 2234 2158 ad

179 2314 240 2375 (1)
280 2313 553 2360 Vincentius
612 2311 862 2372 Lirinensis
913 2314 1163 2360 internos-

112 2396 430 2443 haereticorum
445 2395 671 2442 tumultus
685 2396 1006 2458 cruciatusque
1022 2411 1126 2458 gra-

110 2477 245 2542 phice
271 2477 492 2525 describit
517 2479 568 2524 in
587 2494 670 2524 suo
705 2475 1088 2523 Commonitorio
1108 2513 1121 2535 ,

110 2577 214 2624 cap.
239 2558 297 2607 15
317 2597 329 2620 ‚
351 2561 509 2609 dicens
529 2577 543 2608 :
576 2563 696 2608 Heu
718 2559 995 2607 miseranda
1013 2575 1126 2606 con-

111 2641 267 2689 ditio!
299 2642 513 2708 Quantis
542 2641 620 2688 illi
645 2658 876 2688 cararum
909 2640 1123 2699 aestibus,

110 2726 310 2787 quantis
325 2722 601 2771 turbinibus
610 2725 922 2787 emayitantur
938 2724 959 2769 .'
978 2722 1126 2770 Nunc

113 2807 289 2851 etenim
316 2822 412 2870 qua
433 2812 602 2852 ventus
618 2803 864 2870 impulerit
884 2841 898 2864 ‚
923 2806 1126 2853 incitato

110 2905 266 2935 errore
285 2890 547 2954 rapiuntur
560 2906 579 2948 ‚-
604 2905 738 2936 nunc
763 2892 820 2935 in
854 2891 1126 2954 semetipsos

110 2969 292 3019 reversi
322 3009 335 3030 ‚
376 2981 619 3034 tamquam
650 2966 890 3017 contrarii
913 2971 1119 3034 fluctus,

110 3054 404 3113 reliduntur5
418 3069 550 3100 nune
563 3053 838 3100 temeritatis
859 3069 1125 3120 praesuinp-

110 3138 240 3184 tione
259 3172 274 3196 ,
312 3144 356 3182 et
382 3152 436 3182 ea
456 3171 468 3195 ,
499 3151 604 3199 quae
646 3136 832 3182 incerta
860 3134 1089 3182 videntur
1109 3173 1122 3195 ‚

109 3217 407 3284 adprobant3
474 3233 608 3264 nunc
659 3214 944 3264 irrationali
996 3225 1125 3264 'neta

109 3302 270 3359 etiam,
294 3315 403 3364 qaoe
432 3307 560 3347 certa
586 3307 700 3346 sant
717 3335 730 3359 ,
761 3306 1081 3364 eoepavescunt
1100 3316 1124 3357 ,-

108 3383 286 3429 incerti
305 3420 317 3441 ‚
346 3397 442 3445 qua
466 3389 578 3428 eant
599 3419 611 3439 ‚
644 3397 739 3445 qua
757 3381 955 3428 redeant
978 3419 989 3439 ‚
1007 3370 1127 3444 qaid

108 3464 335 3529 adpetant
355 3502 366 3522 ‚
386 3462 503 3529 quid
516 3463 717 3528 fuqiant
734 3501 746 3524 ‚
765 3464 886 3528 quid
909 3472 1119 3513 teneant,

107 3547 225 3610 quid
269 3546 534 3593 dimittant.
578 3542 701 3609 Qnoe
747 3545 940 3609 quidem
983 3544 1129 3592 dubii

1208 2328 1284 2358 noe
1304 2329 1417 2375 erqa
1438 2329 1486 2360 se
1517 2314 1844 2362 miserationis
1869 2324 1938 2363 est
1963 2317 2229 2380 medicina,

1208 2395 1255 2440 si
1288 2397 1501 2459 sapiant.
1536 2396 1730 2443 Idcirco
1765 2398 1941 2444 etenim
1982 2408 2119 2447 extra
2156 2409 2235 2449 tu-

1209 2478 1453 2525 tissimam
1497 2478 1747 2527 catholicae
1781 2480 1906 2544 fidei
1925 2491 2125 2546 partum
2157 2485 2235 2531 di·-

1208 2561 1362 2606 versis
1392 2550 1739 2623 cdqi‘tationum
1780 2564 2100 2625 quatiuntur,
2133 2583 2239 2614 ver-

1208 2639 1444 2687 berantur
1466 2657 1522 2688 ac
1540 2658 1667 2706 pene
1699 2651 1962 2691 enecantur
1983 2647 2230 2710 procellis,

1209 2729 1263 2767 ut
1293 2738 1491 2769 eoecassa
1516 2725 1572 2770 in
1599 2723 1748 2770 altam
1775 2723 1912 2773 elatoe
1939 2731 2112 2775 mentis
2133 2730 2234 2777 vela

1209 2803 1450 2868 deponant
1466 2841 1479 2860 .,
1501 2821 1609 2868 qaoe
1633 2804 1756 2853 male
1781 2808 2050 2855 novitatum
2081 2814 2235 2859 ventis

1209 2885 1553 2950 expanderant,
1576 2903 1764 2951 seseque
1801 2889 1931 2937 intra
1941 2890 2235 2953 fidissimam

1208 2969 1462 3015 stationem
1477 2967 1688 3032 placidae
1723 2986 1780 3016 ac
1806 2969 1940 3018 bonae
1967 2976 2140 3021 matris
2155 2991 2230 3022 re-

1209 3043 1388 3096 ducant
1418 3057 1461 3096 et
1492 3058 1716 3110 teneant,
1760 3060 1898 3116 atque
1932 3069 2122 3102 amaros
2169 3055 2233 3103 il-

1209 3130 1276 3179 los
1294 3130 1682 3195 turbulentosque
1698 3149 1911 3180 errorum
1922 3135 2110 3195 fluctus
2119 3140 2231 3202 pri·

1209 3214 1359 3260 mitae
1392 3221 1670 3273 revomant,
1709 3223 1762 3261 ut
1781 3218 1974 3280 possint
2009 3218 2234 3285 deinceps

1209 3299 1332 3345 vivoe
1363 3306 1406 3344 et
1426 3296 1645 3344 salientis
1677 3315 1815 3363 aquoe
1813 3297 2023 3364 fluenta
2043 3309 2231 3367 potare.

1208 3378 1480 3426 Dediscant
1522 3380 1639 3427 bene
1672 3381 1797 3444 qaod
1827 3382 2101 3430 didicerant
2132 3401 2233 3432 non

1211 3462 1326 3509 bene
1341 3483 1359 3519 ;
1373 3469 1416 3508 et
1432 3478 1489 3509 ex
1504 3470 1595 3509 toto
1611 3461 1845 3511 Ecclesiae
1860 3464 2091 3529 doqmate,
2105 3466 2234 3530 quod

1208 3542 1450 3591 intellectu
1481 3545 1593 3609 capi
1617 3552 1802 3608 potest,
1837 3549 2064 3612 capiant,
2103 3546 2234 3612 quod

107 3635 153 3674 et
177 3627 299 3675 male
329 3625 534 3692 penduli
568 3627 724 3675 cordis
760 3626 953 3690 afflictio
987 3627 1117 3674 divi·
1202 3641 1301 3674 non
1323 3632 1509 3690 potest,
1551 3626 1766 3674 credant.
