<?xml version="1.0" encoding="UTF-8"?>
<!DOCTYPE html PUBLIC "-//W3C//DTD XHTML 1.0 Transitional//EN"
    "http://www.w3.org/TR/xhtml1/DTD/xhtml1-transitional.dtd">
<html xmlns="http://www.w3.org/1999/xhtml" xml:lang="en" lang="en">
 <head>
  <title>
</title>
<meta http-equiv="Content-Type" content="text/html;charset=utf-8" />
  <meta name='ocr-system' content='tesseract 3.04.00' />
  <meta name='ocr-capabilities' content='ocr_page ocr_carea ocr_par ocr_line ocrx_word'/>
</head>
<body>
  <div class='ocr_page' id='page_1' title='image "a603693801perruoft_0010.png"; bbox 0 0 2554 4140; ppageno 0'>
   <div class='ocr_carea' id='block_1_1' title="bbox 281 125 1499 171">
    <p class='ocr_par' dir='ltr' id='par_1_1' title="bbox 281 125 1499 171">
     <span class='ocr_line' id='line_1_1' title="bbox 281 125 1499 171; baseline -0.007 -1"><span class='ocrx_word' id='word_1_1' title='bbox 281 130 341 171; x_wconf 87' lang='lat' dir='ltr'>Vl</span> <span class='ocrx_word' id='word_1_2' title='bbox 1198 125 1479 163; x_wconf 80' lang='lat' dir='ltr'><strong>PRAEFA&#39;HO</strong></span> <span class='ocrx_word' id='word_1_3' title='bbox 1490 152 1499 161; x_wconf 95' lang='lat'>.</span> 
     </span>
    </p>
   </div>
   <div class='ocr_carea' id='block_1_2' title="bbox 280 297 2414 888">
    <p class='ocr_par' dir='ltr' id='par_1_2' title="bbox 280 297 2414 888">
     <span class='ocr_line' id='line_1_2' title="bbox 284 297 2414 396; baseline 0.001 -26"><span class='ocrx_word' id='word_1_4' title='bbox 284 319 534 371; x_wconf 88' lang='lat' dir='ltr'>natura</span> <span class='ocrx_word' id='word_1_5' title='bbox 611 327 731 370; x_wconf 86' lang='lat' dir='ltr'>sua</span> <span class='ocrx_word' id='word_1_6' title='bbox 790 301 1084 364; x_wconf 90' lang='lat' dir='ltr'>immota</span> <span class='ocrx_word' id='word_1_7' title='bbox 1148 297 1708 394; x_wconf 89' lang='lat' dir='ltr'>inconcussaque</span> <span class='ocrx_word' id='word_1_8' title='bbox 1769 317 2058 368; x_wconf 89' lang='lat' dir='ltr'>manent</span> <span class='ocrx_word' id='word_1_9' title='bbox 2117 327 2414 396; x_wconf 91' lang='lat' dir='ltr'>semper-</span> 
     </span>
     <span class='ocr_line' id='line_1_3' title="bbox 285 420 2413 522; baseline 0 -27"><span class='ocrx_word' id='word_1_10' title='bbox 285 452 419 522; x_wconf 88' lang='lat' dir='ltr'>que</span> <span class='ocrx_word' id='word_1_11' title='bbox 492 424 924 510; x_wconf 77' lang='lat' dir='ltr'>manebunt‚</span> <span class='ocrx_word' id='word_1_12' title='bbox 988 440 1393 510; x_wconf 84' lang='lat' dir='ltr'>versentur,</span> <span class='ocrx_word' id='word_1_13' title='bbox 1465 420 1930 492; x_wconf 89' lang='lat' dir='ltr'>nihilominus</span> <span class='ocrx_word' id='word_1_14' title='bbox 1999 428 2413 520; x_wconf 73' lang='lat' dir='ltr'><strong>quaestiones</strong></span> 
     </span>
     <span class='ocr_line' id='line_1_4' title="bbox 281 543 2413 644; baseline 0 -27"><span class='ocrx_word' id='word_1_15' title='bbox 281 549 613 642; x_wconf 88' lang='lat' dir='ltr'>plurimas</span> <span class='ocrx_word' id='word_1_16' title='bbox 654 544 991 637; x_wconf 89' lang='lat' dir='ltr'>temporis</span> <span class='ocrx_word' id='word_1_17' title='bbox 1033 543 1234 638; x_wconf 88' lang='lat' dir='ltr'>lapsu</span> <span class='ocrx_word' id='word_1_18' title='bbox 1267 546 1669 640; x_wconf 82' lang='lat' dir='ltr'>antiquari,</span> <span class='ocrx_word' id='word_1_19' title='bbox 1697 573 2051 644; x_wconf 86' lang='lat' dir='ltr'>novasque</span> <span class='ocrx_word' id='word_1_20' title='bbox 2085 572 2413 639; x_wconf 84' lang='lat' dir='ltr'>exurgere</span> 
     </span>
     <span class='ocr_line' id='line_1_5' title="bbox 282 665 2408 765; baseline 0.001 -28"><span class='ocrx_word' id='word_1_21' title='bbox 282 694 451 765; x_wconf 89' lang='lat' dir='ltr'>quas</span> <span class='ocrx_word' id='word_1_22' title='bbox 491 693 698 737; x_wconf 91' lang='lat' dir='ltr'>nemo</span> <span class='ocrx_word' id='word_1_23' title='bbox 745 665 1158 759; x_wconf 77' lang='lat' dir='ltr'>theologuS‚</span> <span class='ocrx_word' id='word_1_24' title='bbox 1202 669 1259 735; x_wconf 90' lang='lat' dir='ltr'>si</span> <span class='ocrx_word' id='word_1_25' title='bbox 1301 666 1515 737; x_wconf 88' lang='lat' dir='ltr'>officii</span> <span class='ocrx_word' id='word_1_26' title='bbox 1565 670 1673 737; x_wconf 90' lang='lat' dir='ltr'>sui</span> <span class='ocrx_word' id='word_1_27' title='bbox 1726 687 1960 763; x_wconf 89' lang='lat' dir='ltr'>partes</span> <span class='ocrx_word' id='word_1_28' title='bbox 2018 671 2408 763; x_wconf 83' lang='lat' dir='ltr'>intelligat,</span> 
     </span>
     <span class='ocr_line' id='line_1_6' title="bbox 280 791 2240 888; baseline 0.002 -27"><span class='ocrx_word' id='word_1_29' title='bbox 280 792 664 884; x_wconf 77' lang='lat' dir='ltr'>negligere,</span> <span class='ocrx_word' id='word_1_30' title='bbox 706 791 935 860; x_wconf 90' lang='lat' dir='ltr'>multo</span> <span class='ocrx_word' id='word_1_31' title='bbox 972 793 1203 861; x_wconf 90' lang='lat' dir='ltr'>minus</span> <span class='ocrx_word' id='word_1_32' title='bbox 1242 792 1605 883; x_wconf 78' lang='lat' dir='ltr'>ignorare,</span> <span class='ocrx_word' id='word_1_33' title='bbox 1648 793 1965 885; x_wconf 87' lang='lat' dir='ltr'>legitime</span> <span class='ocrx_word' id='word_1_34' title='bbox 2003 797 2240 888; x_wconf 88' lang='lat' dir='ltr'>possit.</span> 
     </span>
    </p>
   </div>
   <div class='ocr_carea' id='block_1_3' title="bbox 274 1077 2415 2386">
    <p class='ocr_par' dir='ltr' id='par_1_3' title="bbox 274 1077 2415 2386">
     <span class='ocr_line' id='line_1_7' title="bbox 376 1077 2408 1176; baseline 0.002 -28"><span class='ocrx_word' id='word_1_35' title='bbox 376 1080 560 1148; x_wconf 88' lang='lat' dir='ltr'>Cum</span> <span class='ocrx_word' id='word_1_36' title='bbox 619 1081 840 1171; x_wconf 89' lang='lat' dir='ltr'>igitur</span> <span class='ocrx_word' id='word_1_37' title='bbox 889 1082 1033 1149; x_wconf 87' lang='lat' dir='ltr'>sive</span> <span class='ocrx_word' id='word_1_38' title='bbox 1078 1106 1157 1148; x_wconf 88' lang='lat' dir='ltr'>ex</span> <span class='ocrx_word' id='word_1_39' title='bbox 1214 1080 1484 1171; x_wconf 91' lang='lat' dir='ltr'>ingenii</span> <span class='ocrx_word' id='word_1_40' title='bbox 1542 1078 1840 1149; x_wconf 87' lang='lat' dir='ltr'>humani</span> <span class='ocrx_word' id='word_1_41' title='bbox 1900 1077 2408 1176; x_wconf 78' lang='lat' dir='ltr'>inconstantia,</span> 
     </span>
     <span class='ocr_line' id='line_1_8' title="bbox 279 1201 2410 1296; baseline 0.002 -25"><span class='ocrx_word' id='word_1_42' title='bbox 279 1206 421 1272; x_wconf 89' lang='lat' dir='ltr'>sive</span> <span class='ocrx_word' id='word_1_43' title='bbox 466 1229 547 1272; x_wconf 87' lang='lat' dir='ltr'>ex</span> <span class='ocrx_word' id='word_1_44' title='bbox 601 1205 849 1272; x_wconf 87' lang='lat' dir='ltr'>erroris</span> <span class='ocrx_word' id='word_1_45' title='bbox 892 1204 1316 1272; x_wconf 84' lang='lat' dir='ltr'>multiformi</span> <span class='ocrx_word' id='word_1_46' title='bbox 1366 1201 1834 1296; x_wconf 91' lang='lat' dir='ltr'>impugnandi</span> <span class='ocrx_word' id='word_1_47' title='bbox 1885 1206 2251 1274; x_wconf 88' lang='lat' dir='ltr'>veritatem</span> <span class='ocrx_word' id='word_1_48' title='bbox 2308 1233 2410 1275; x_wconf 84' lang='lat' dir='ltr'>ra-</span> 
     </span>
     <span class='ocr_line' id='line_1_9' title="bbox 283 1328 2409 1425; baseline 0.001 -29"><span class='ocrx_word' id='word_1_49' title='bbox 283 1330 475 1397; x_wconf 90' lang='lat' dir='ltr'>tione</span> <span class='ocrx_word' id='word_1_50' title='bbox 502 1382 519 1420; x_wconf 66' lang='lat'><strong>7</strong></span> <span class='ocrx_word' id='word_1_51' title='bbox 560 1331 945 1398; x_wconf 71' lang='lat' dir='ltr'>innumerae</span> <span class='ocrx_word' id='word_1_52' title='bbox 972 1330 1109 1397; x_wconf 86' lang='lat' dir='ltr'>fere</span> <span class='ocrx_word' id='word_1_53' title='bbox 1146 1330 1537 1397; x_wconf 87' lang='lat' dir='ltr'>excitentur</span> <span class='ocrx_word' id='word_1_54' title='bbox 1563 1328 1982 1423; x_wconf 70' lang='lat' dir='ltr'>quaestiones</span> <span class='ocrx_word' id='word_1_55' title='bbox 2004 1382 2020 1415; x_wconf 83' lang='grc'>,</span> <span class='ocrx_word' id='word_1_56' title='bbox 2047 1354 2214 1425; x_wconf 89' lang='lat' dir='ltr'>quas</span> <span class='ocrx_word' id='word_1_57' title='bbox 2234 1355 2409 1422; x_wconf 82' lang='lat' dir='ltr'>prae-</span> 
     </span>
     <span class='ocr_line' id='line_1_10' title="bbox 282 1449 2415 1548; baseline 0 -27"><span class='ocrx_word' id='word_1_58' title='bbox 282 1450 520 1522; x_wconf 89' lang='lat' dir='ltr'>videre</span> <span class='ocrx_word' id='word_1_59' title='bbox 575 1479 701 1523; x_wconf 90' lang='lat' dir='ltr'>nec</span> <span class='ocrx_word' id='word_1_60' title='bbox 741 1454 1142 1522; x_wconf 86' lang='lat' dir='ltr'>debuerunt</span> <span class='ocrx_word' id='word_1_61' title='bbox 1199 1477 1326 1521; x_wconf 91' lang='lat' dir='ltr'>nec</span> <span class='ocrx_word' id='word_1_62' title='bbox 1367 1469 1755 1545; x_wconf 90' lang='lat' dir='ltr'>potuerunt</span> <span class='ocrx_word' id='word_1_63' title='bbox 1801 1453 2121 1548; x_wconf 84' lang='lat' dir='ltr'>antiqui,</span> <span class='ocrx_word' id='word_1_64' title='bbox 2164 1449 2415 1521; x_wconf 88' lang='lat' dir='ltr'>studiis</span> 
     </span>
     <span class='ocr_line' id='line_1_11' title="bbox 283 1574 2411 1669; baseline 0 -25"><span class='ocrx_word' id='word_1_65' title='bbox 283 1575 813 1646; x_wconf 85' lang='lat' dir='ltr'>Catholicorum</span> <span class='ocrx_word' id='word_1_66' title='bbox 858 1604 925 1646; x_wconf 89' lang='lat' dir='ltr'>se</span> <span class='ocrx_word' id='word_1_67' title='bbox 959 1577 1268 1646; x_wconf 88' lang='lat' dir='ltr'>multum</span> <span class='ocrx_word' id='word_1_68' title='bbox 1304 1575 1766 1669; x_wconf 87' lang='lat' dir='ltr'>profuturum</span> <span class='ocrx_word' id='word_1_69' title='bbox 1807 1577 2109 1668; x_wconf 86' lang='lat' dir='ltr'>speravit</span> <span class='ocrx_word' id='word_1_70' title='bbox 2148 1574 2411 1644; x_wconf 90' lang='lat' dir='ltr'>doctis-</span> 
     </span>
     <span class='ocr_line' id='line_1_12' title="bbox 280 1696 2415 1793; baseline 0 -26"><span class='ocrx_word' id='word_1_71' title='bbox 280 1702 493 1769; x_wconf 87' lang='lat' dir='ltr'>simus</span> <span class='ocrx_word' id='word_1_72' title='bbox 531 1720 779 1770; x_wconf 90' lang='lat' dir='ltr'>auctor</span> <span class='ocrx_word' id='word_1_73' title='bbox 807 1752 831 1792; x_wconf 81' lang='grc'>,</span> <span class='ocrx_word' id='word_1_74' title='bbox 874 1703 931 1770; x_wconf 90' lang='lat' dir='ltr'>si</span> <span class='ocrx_word' id='word_1_75' title='bbox 967 1700 1262 1771; x_wconf 88' lang='lat' dir='ltr'>collecta</span> <span class='ocrx_word' id='word_1_76' title='bbox 1306 1696 1623 1793; x_wconf 88' lang='lat' dir='ltr'>undique</span> <span class='ocrx_word' id='word_1_77' title='bbox 1678 1700 2152 1768; x_wconf 85' lang='lat' dir='ltr'>recentiorum</span> <span class='ocrx_word' id='word_1_78' title='bbox 2204 1697 2415 1767; x_wconf 83' lang='lat' dir='ltr'>haere-</span> 
     </span>
     <span class='ocr_line' id='line_1_13' title="bbox 278 1820 2415 1917; baseline -0 -25"><span class='ocrx_word' id='word_1_79' title='bbox 278 1825 621 1911; x_wconf 84' lang='lat' dir='ltr'>ticorum,</span> <span class='ocrx_word' id='word_1_80' title='bbox 666 1824 1315 1914; x_wconf 76' lang='lat' dir='ltr'>rationalistarum,</span> <span class='ocrx_word' id='word_1_81' title='bbox 1377 1840 1916 1917; x_wconf 88' lang='lat' dir='ltr'>ceterorumque</span> <span class='ocrx_word' id='word_1_82' title='bbox 1971 1823 2173 1891; x_wconf 88' lang='lat' dir='ltr'>istius</span> <span class='ocrx_word' id='word_1_83' title='bbox 2219 1820 2415 1892; x_wconf 89' lang='lat' dir='ltr'>modi</span> 
     </span>
     <span class='ocr_line' id='line_1_14' title="bbox 274 1946 2414 2037; baseline 0 -23"><span class='ocrx_word' id='word_1_84' title='bbox 274 1946 649 2017; x_wconf 91' lang='lat' dir='ltr'>hominum</span> <span class='ocrx_word' id='word_1_85' title='bbox 727 1948 1134 2036; x_wconf 78' lang='lat' dir='ltr'>ratiocinia,</span> <span class='ocrx_word' id='word_1_86' title='bbox 1223 1962 1637 2035; x_wconf 88' lang='lat' dir='ltr'>argumenta</span> <span class='ocrx_word' id='word_1_87' title='bbox 1711 1963 1780 2014; x_wconf 93' lang='lat' dir='ltr'>et</span> <span class='ocrx_word' id='word_1_88' title='bbox 1850 1946 2159 2037; x_wconf 89' lang='lat' dir='ltr'>argutias</span> <span class='ocrx_word' id='word_1_89' title='bbox 2249 1970 2414 2014; x_wconf 91' lang='lat' dir='ltr'>cum</span> 
     </span>
     <span class='ocr_line' id='line_1_15' title="bbox 279 2067 2415 2161; baseline -0.001 -22"><span class='ocrx_word' id='word_1_90' title='bbox 279 2069 637 2139; x_wconf 89' lang='lat' dir='ltr'>veteribus</span> <span class='ocrx_word' id='word_1_91' title='bbox 691 2068 1064 2160; x_wconf 83' lang='lat' dir='ltr'>theologiae</span> <span class='ocrx_word' id='word_1_92' title='bbox 1105 2068 1464 2161; x_wconf 88' lang='lat' dir='ltr'>principiis</span> <span class='ocrx_word' id='word_1_93' title='bbox 1522 2067 1869 2136; x_wconf 89' lang='lat' dir='ltr'>conferret</span> <span class='ocrx_word' id='word_1_94' title='bbox 1902 2120 1922 2158; x_wconf 65' lang='lat'><strong>7</strong></span> <span class='ocrx_word' id='word_1_95' title='bbox 1977 2085 2059 2136; x_wconf 92' lang='lat' dir='ltr'>ut</span> <span class='ocrx_word' id='word_1_96' title='bbox 2098 2093 2179 2136; x_wconf 86' lang='lat' dir='ltr'>cx</span> <span class='ocrx_word' id='word_1_97' title='bbox 2221 2070 2415 2137; x_wconf 86' lang='lat' dir='ltr'>insti-</span> 
     </span>
     <span class='ocr_line' id='line_1_16' title="bbox 282 2190 2404 2289; baseline 0 -28"><span class='ocrx_word' id='word_1_98' title='bbox 282 2211 435 2262; x_wconf 88' lang='lat' dir='ltr'>tuta</span> <span class='ocrx_word' id='word_1_99' title='bbox 475 2192 977 2289; x_wconf 88' lang='lat' dir='ltr'>disceptatione</span> <span class='ocrx_word' id='word_1_100' title='bbox 1026 2218 1186 2260; x_wconf 84' lang='lat' dir='ltr'>vera</span> <span class='ocrx_word' id='word_1_101' title='bbox 1242 2218 1279 2259; x_wconf 89' lang='lat' dir='ltr'>a</span> <span class='ocrx_word' id='word_1_102' title='bbox 1341 2190 1528 2261; x_wconf 86' lang='lat' dir='ltr'>falsis</span> <span class='ocrx_word' id='word_1_103' title='bbox 1556 2242 1580 2282; x_wconf 80' lang='grc'>,</span> <span class='ocrx_word' id='word_1_104' title='bbox 1635 2190 2010 2285; x_wconf 90' lang='lat' dir='ltr'>sophistica</span> <span class='ocrx_word' id='word_1_105' title='bbox 2066 2217 2102 2259; x_wconf 89' lang='lat' dir='ltr'>a</span> <span class='ocrx_word' id='word_1_106' title='bbox 2147 2193 2352 2261; x_wconf 85' lang='lat' dir='ltr'>rectis</span> <span class='ocrx_word' id='word_1_107' title='bbox 2379 2243 2404 2284; x_wconf 80' lang='grc'>,</span> 
     </span>
     <span class='ocr_line' id='line_1_17' title="bbox 282 2312 1691 2386; baseline -0.002 0"><span class='ocrx_word' id='word_1_108' title='bbox 282 2315 495 2386; x_wconf 88' lang='lat' dir='ltr'>dubia</span> <span class='ocrx_word' id='word_1_109' title='bbox 534 2342 573 2384; x_wconf 89' lang='lat' dir='ltr'>a</span> <span class='ocrx_word' id='word_1_110' title='bbox 615 2318 819 2386; x_wconf 89' lang='lat' dir='ltr'>certis</span> <span class='ocrx_word' id='word_1_111' title='bbox 864 2314 1062 2384; x_wconf 90' lang='lat' dir='ltr'>facile</span> <span class='ocrx_word' id='word_1_112' title='bbox 1102 2312 1691 2384; x_wconf 88' lang='lat' dir='ltr'>discernerentur.</span> 
     </span>
    </p>
   </div>
   <div class='ocr_carea' id='block_1_4' title="bbox 284 2598 2418 3688">
    <p class='ocr_par' dir='ltr' id='par_1_4' title="bbox 284 2598 2418 3688">
     <span class='ocr_line' id='line_1_18' title="bbox 382 2598 2409 2698; baseline -0.002 -23"><span class='ocrx_word' id='word_1_113' title='bbox 382 2606 713 2676; x_wconf 89' lang='lat' dir='ltr'>Pluribus</span> <span class='ocrx_word' id='word_1_114' title='bbox 754 2607 839 2675; x_wconf 90' lang='lat' dir='ltr'>ab</span> <span class='ocrx_word' id='word_1_115' title='bbox 887 2607 1084 2674; x_wconf 89' lang='lat' dir='ltr'>annis</span> <span class='ocrx_word' id='word_1_116' title='bbox 1137 2604 1303 2673; x_wconf 88' lang='lat' dir='ltr'>huic</span> <span class='ocrx_word' id='word_1_117' title='bbox 1352 2605 1712 2697; x_wconf 90' lang='lat' dir='ltr'>proposito</span> <span class='ocrx_word' id='word_1_118' title='bbox 1767 2598 2175 2698; x_wconf 85' lang='lat' dir='ltr'>exequendo</span> <span class='ocrx_word' id='word_1_119' title='bbox 2216 2604 2409 2670; x_wconf 89' lang='lat' dir='ltr'>insu-</span> 
     </span>
     <span class='ocr_line' id='line_1_19' title="bbox 287 2724 2414 2823; baseline -0.003 -24"><span class='ocrx_word' id='word_1_120' title='bbox 287 2729 575 2800; x_wconf 86' lang='lat' dir='ltr'>daverat</span> <span class='ocrx_word' id='word_1_121' title='bbox 608 2731 680 2797; x_wconf 89' lang='lat' dir='ltr'>in</span> <span class='ocrx_word' id='word_1_122' title='bbox 728 2730 1206 2799; x_wconf 89' lang='lat' dir='ltr'>Universitate</span> <span class='ocrx_word' id='word_1_123' title='bbox 1228 2728 1664 2819; x_wconf 89' lang='lat' dir='ltr'>Gregoriana</span> <span class='ocrx_word' id='word_1_124' title='bbox 1683 2726 2039 2823; x_wconf 88' lang='lat' dir='ltr'>(Collegio</span> <span class='ocrx_word' id='word_1_125' title='bbox 2062 2724 2414 2821; x_wconf 85' lang='lat' dir='ltr'>Romano)</span> 
     </span>
     <span class='ocr_line' id='line_1_20' title="bbox 284 2849 2415 2946; baseline -0.002 -25"><span class='ocrx_word' id='word_1_126' title='bbox 284 2853 607 2946; x_wconf 83' lang='lat' dir='ltr'>publicus</span> <span class='ocrx_word' id='word_1_127' title='bbox 657 2852 1035 2945; x_wconf 82' lang='lat' dir='ltr'>theologiae</span> <span class='ocrx_word' id='word_1_128' title='bbox 1082 2854 1344 2943; x_wconf 79' lang='lat' dir='ltr'>lector,</span> <span class='ocrx_word' id='word_1_129' title='bbox 1407 2876 1631 2946; x_wconf 90' lang='lat' dir='ltr'>quum</span> <span class='ocrx_word' id='word_1_130' title='bbox 1683 2849 1932 2918; x_wconf 89' lang='lat' dir='ltr'>domui</span> <span class='ocrx_word' id='word_1_131' title='bbox 1990 2850 2415 2918; x_wconf 85' lang='lat' dir='ltr'>Ferrariensi</span> 
     </span>
     <span class='ocr_line' id='line_1_21' title="bbox 287 2974 2417 3069; baseline -0.003 -25"><span class='ocrx_word' id='word_1_132' title='bbox 287 2978 651 3044; x_wconf 86' lang='lat' dir='ltr'>Societatis</span> <span class='ocrx_word' id='word_1_133' title='bbox 690 2977 854 3044; x_wconf 89' lang='lat' dir='ltr'>Jesu</span> <span class='ocrx_word' id='word_1_134' title='bbox 894 2976 1263 3069; x_wconf 85' lang='lat' dir='ltr'>praefectus</span> <span class='ocrx_word' id='word_1_135' title='bbox 1306 2992 1447 3067; x_wconf 75' lang='lat' dir='ltr'>est,</span> <span class='ocrx_word' id='word_1_136' title='bbox 1488 2998 1614 3043; x_wconf 88' lang='lat' dir='ltr'>nec</span> <span class='ocrx_word' id='word_1_137' title='bbox 1658 2992 1892 3047; x_wconf 86' lang='lat' dir='ltr'>tamen</span> <span class='ocrx_word' id='word_1_138' title='bbox 1928 2974 2195 3067; x_wconf 87' lang='lat' dir='ltr'>priores</span> <span class='ocrx_word' id='word_1_139' title='bbox 2220 2995 2417 3040; x_wconf 83' lang='lat' dir='ltr'>curas</span> 
     </span>
     <span class='ocr_line' id='line_1_22' title="bbox 288 3094 2414 3194; baseline -0.001 -28"><span class='ocrx_word' id='word_1_140' title='bbox 288 3100 712 3190; x_wconf 75' lang='lat' dir='ltr'>intermisit3</span> <span class='ocrx_word' id='word_1_141' title='bbox 763 3099 883 3167; x_wconf 90' lang='lat' dir='ltr'>sed</span> <span class='ocrx_word' id='word_1_142' title='bbox 926 3125 1232 3191; x_wconf 76' lang='lat' dir='ltr'>munUS,</span> <span class='ocrx_word' id='word_1_143' title='bbox 1273 3125 1414 3194; x_wconf 89' lang='lat' dir='ltr'>quo</span> <span class='ocrx_word' id='word_1_144' title='bbox 1441 3095 1817 3168; x_wconf 85' lang='lat' dir='ltr'>videbatur</span> <span class='ocrx_word' id='word_1_145' title='bbox 1855 3123 1891 3165; x_wconf 93' lang='lat' dir='ltr'>a</span> <span class='ocrx_word' id='word_1_146' title='bbox 1936 3122 2171 3165; x_wconf 89' lang='lat' dir='ltr'>rerum</span> <span class='ocrx_word' id='word_1_147' title='bbox 2213 3094 2414 3164; x_wconf 54' lang='lat' dir='ltr'>theos</span> 
     </span>
     <span class='ocr_line' id='line_1_23' title="bbox 286 3219 2415 3316; baseline -0.002 -25"><span class='ocrx_word' id='word_1_148' title='bbox 286 3222 674 3313; x_wconf 89' lang='lat' dir='ltr'>logicarum</span> <span class='ocrx_word' id='word_1_149' title='bbox 732 3222 965 3292; x_wconf 86' lang='lat' dir='ltr'>studio</span> <span class='ocrx_word' id='word_1_150' title='bbox 1023 3221 1463 3315; x_wconf 78' lang='lat' dir='ltr'>avocandUS‚</span> <span class='ocrx_word' id='word_1_151' title='bbox 1521 3223 1651 3316; x_wconf 90' lang='lat' dir='ltr'>ipsi</span> <span class='ocrx_word' id='word_1_152' title='bbox 1710 3222 1936 3290; x_wconf 86' lang='lat' dir='ltr'>otium</span> <span class='ocrx_word' id='word_1_153' title='bbox 2000 3219 2111 3289; x_wconf 92' lang='lat' dir='ltr'>vel</span> <span class='ocrx_word' id='word_1_154' title='bbox 2170 3219 2415 3288; x_wconf 88' lang='lat' dir='ltr'>saltem</span> 
     </span>
     <span class='ocr_line' id='line_1_24' title="bbox 288 3341 2418 3443; baseline -0.003 -28"><span class='ocrx_word' id='word_1_155' title='bbox 288 3350 591 3440; x_wconf 89' lang='lat' dir='ltr'>spatium</span> <span class='ocrx_word' id='word_1_156' title='bbox 651 3348 935 3443; x_wconf 91' lang='lat' dir='ltr'>reliquit</span> <span class='ocrx_word' id='word_1_157' title='bbox 998 3350 1379 3441; x_wconf 88' lang='lat' dir='ltr'>incoeptum</span> <span class='ocrx_word' id='word_1_158' title='bbox 1449 3373 1624 3441; x_wconf 87' lang='lat' dir='ltr'>opus</span> <span class='ocrx_word' id='word_1_159' title='bbox 1686 3341 2097 3440; x_wconf 80' lang='lat' dir='ltr'>perficiendi</span> <span class='ocrx_word' id='word_1_160' title='bbox 2157 3362 2226 3412; x_wconf 89' lang='lat' dir='ltr'>et</span> <span class='ocrx_word' id='word_1_161' title='bbox 2300 3342 2418 3410; x_wconf 90' lang='lat' dir='ltr'>eli-</span> 
     </span>
     <span class='ocr_line' id='line_1_25' title="bbox 291 3465 2415 3565; baseline -0.003 -26"><span class='ocrx_word' id='word_1_162' title='bbox 291 3469 579 3558; x_wconf 88' lang='lat' dir='ltr'>mandi;</span> <span class='ocrx_word' id='word_1_163' title='bbox 657 3469 879 3540; x_wconf 88' lang='lat' dir='ltr'>donec</span> <span class='ocrx_word' id='word_1_164' title='bbox 941 3472 1237 3540; x_wconf 89' lang='lat' dir='ltr'>Romam</span> <span class='ocrx_word' id='word_1_165' title='bbox 1313 3497 1538 3565; x_wconf 91' lang='lat' dir='ltr'>nuper</span> <span class='ocrx_word' id='word_1_166' title='bbox 1597 3488 1963 3541; x_wconf 85' lang='lat' dir='ltr'>revocatus</span> <span class='ocrx_word' id='word_1_167' title='bbox 2038 3465 2355 3538; x_wconf 90' lang='lat' dir='ltr'>eamdem</span> <span class='ocrx_word' id='word_1_168' title='bbox 2396 3515 2415 3554; x_wconf 62' lang='lat'>2</span> 
     </span>
     <span class='ocr_line' id='line_1_26' title="bbox 292 3591 2414 3688; baseline -0.003 -28"><span class='ocrx_word' id='word_1_169' title='bbox 292 3619 498 3686; x_wconf 89' lang='lat' dir='ltr'>quam</span> <span class='ocrx_word' id='word_1_170' title='bbox 541 3596 773 3688; x_wconf 77' lang='lat' dir='ltr'>prius⁷</span> <span class='ocrx_word' id='word_1_171' title='bbox 828 3595 1197 3687; x_wconf 81' lang='lat' dir='ltr'>theologiae</span> <span class='ocrx_word' id='word_1_172' title='bbox 1250 3593 1655 3667; x_wconf 87' lang='lat' dir='ltr'>cathedram</span> <span class='ocrx_word' id='word_1_173' title='bbox 1714 3595 2124 3686; x_wconf 83' lang='lat' dir='ltr'>occupavit⁷</span> <span class='ocrx_word' id='word_1_174' title='bbox 2180 3591 2414 3683; x_wconf 90' lang='lat' dir='ltr'>sicque</span> 
     </span>
    </p>
   </div>
  </div>
 </body>
</html>
