2554 4140
1995 128 2117 187 285

577 158 731 194 PROP.
779 157 881 198 vll.
926 155 995 194 DE
1035 155 1181 192 SYs'r.
1230 154 1364 191 SPlR·
1414 153 1560 192 Pluv.

27 301 125 382 qui
157 299 358 380 quovis
381 297 584 358 saeculo
602 298 1074 366 insurrexerunt,
1109 293 1258 352 nihil
1278 296 1641 355 innovarunt
1663 294 1726 352 in
1750 291 1923 353 rebus
1946 292 2081 352 fidei
2100 338 2116 366 ,

25 394 127 455 sed
160 395 347 453 solum
380 394 685 474 protestati
715 404 853 452 sunt
893 391 1166 450 adversus
1202 390 1495 450 novitates
1525 434 1541 462 ,
1586 410 1717 470 quae
1753 389 1816 446 in
1854 388 2121 448 eamdem

26 489 331 549 Ecclesiam
365 487 685 548 identidem
721 488 1079 566 irrepserunt
1103 527 1120 557 ,
1164 483 1343 541 fidem
1380 495 1718 544 revocantes
1746 484 1819 542 ad
1846 484 2123 566 simplici-

24 596 207 643 tatem
243 583 498 643 Ecclesiae
524 582 768 664 purioris
804 600 869 638 ac
905 575 1245 658 primitivae3
1277 596 1432 654 ergo.

112 680 245 738 185.
290 682 456 760 Resp.
487 678 636 756 Ney.
658 685 847 734 antec.
868 684 927 732 et
943 670 1407 751 adversariorum
1424 673 1900 752 suppositionem.
1917 673 2127 733 Nullus

27 774 186 832 enim
221 771 503 852 ejusmodi
539 767 891 829 auctoritatis
918 765 1130 825 abusus
1158 767 1219 823 in
1248 766 1347 839 iis7
1383 786 1510 846 quae
1540 765 1615 823 ad
1640 766 1773 826 fidei
1799 788 1863 826 ac
1898 791 2128 827 morum

27 870 418 948 integritatem
438 873 721 947 spectant⁷
738 867 904 941 juxta
926 861 1139 920 Christi
1159 861 1440 942 promissa
1454 861 1518 918 in
1533 864 1581 938 ej
1592 882 1654 918 us
1676 861 1921 920 Ecclesia
1936 862 2129 923 locum

28 962 242 1022 habere
288 971 497 1043 potest.
544 960 682 1017 Haec
724 968 919 1015 autem
963 955 1277 1038 appellatio
1320 954 1393 1014 ab
1438 954 1683 1014 Ecclesia
1744 962 2014 1036 praesenti
2055 958 2133 1018 ad

29 1056 333 1116 Ecclesiam
371 1053 724 1135 primitivam
760 1074 825 1111 ac
852 1053 1142 1133 puriorem
1170 1053 1595 1133 praeteritorum
1633 1050 1972 1110 saeculorum
2010 1075 2134 1112 non

30 1162 117 1210 est
136 1151 245 1209 nisi
269 1149 508 1231 pallium
530 1194 545 1222 ,
573 1170 689 1230 quo
712 1169 942 1229 semper
969 1146 1083 1205 nisi
1106 1158 1244 1205 sunt
1265 1147 1361 1205 isti
1384 1146 1546 1225 (non
1570 1146 2001 1220 emendatores,
2031 1147 2136 1209 sed

27 1256 395 1324 corruptores
411 1266 701 1303 sacrorum
722 1289 738 1317 7
756 1242 819 1301 id
832 1254 921 1302 est
939 1287 953 1316 ,
972 1243 1238 1302 haeretici
1247 1242 1271 1321 )
1300 1242 1676 1302 cohonestare
1693 1244 1990 1326 propriam
2006 1266 2135 1325 per-

27 1338 410 1412 duellionem,
445 1350 508 1396 ut
539 1337 765 1420 populis
801 1337 999 1396 fucum
1024 1337 1298 1395 facerent.
1328 1335 1608 1397 Ebionitae
1630 1382 1647 1412 .,
1687 1338 2004 1414 Elceseitae7
2046 1339 2138 1416 Si-

28 1434 320 1510 moniani,
349 1433 668 1506 Nicolaitae,
695 1431 1084 1503 Corinthiam,
1117 1431 1373 1489 Gnostici
1390 1431 1846 1492 insurrexissent
1861 1432 2168 1494 adversus·

29 1531 317 1589 novitates
356 1527 761 1609 Apostolorum
782 1571 798 1601 a
840 1537 899 1585 et
925 1524 1314 1606 appellassent
1344 1526 1405 1584 in
1443 1528 1686 1586 istarum
1720 1527 2029 1610 hypothesi
2065 1527 2141 1587 ad

29 1626 321 1705 puriorem
358 1623 667 1684 Ecclesiam
694 1668 709 1698 ‚
750 1620 933 1703 qualis
965 1632 1090 1680 erat
1129 1620 1361 1683 vivente
1399 1620 1588 1682 adhuc
1614 1623 1676 1681 in
1710 1624 1879 1683 terris
1909 1624 2140 1684 Christo

30 1720 168 1777 Jesu
195 1717 304 1799 (l).

117 1814 251 1874 186.
302 1813 433 1892 Obj.
474 1813 746 1874 secundo,
790 1815 850 1872 1ο
888 1813 1349 1895 Independentia
1384 1815 1647 1896 religiosa
1687 1817 2142 1876 protestantium

35 1931 153 1967 non
170 1919 256 1968 est
270 1908 532 1968 absoluta
553 1954 569 1983 .,
596 1908 698 1969 sed
709 1909 1200 1969 circumscribitur
1215 1911 1387 1969 sacris
1409 1910 1633 1985 Bibliis,
1660 1932 1788 1992 quae
1813 1922 1950 1969 sunt
1965 1911 2146 1972 codex

36 2003 420 2063 revelationis,
438 2006 585 2063 Cum
602 2005 775 2083 igitur
802 2003 1101 2085 quidpiam
1129 2005 1237 2086 ipsi
1263 2003 1336 2063 de
1364 2004 1477 2064 fide
1503 2016 1740 2081 tenent,
1767 2005 1912 2066 illud
1941 2017 2147 2067 tenent

37 2098 113 2158 ob
130 2101 530 2158 auctoritatem
557 2119 735 2158 sacrae
760 2099 1068 2178 Scripturae
1090 2145 1105 2172 ,
1136 2119 1263 2180 quae
1290 2099 1592 2182 perspicue
1621 2099 1903 2177 ejusmodi
1933 2102 2147 2159 articu-

38 2193 149 2267 los,
190 2195 251 2252 in
282 2216 423 2276 quos
452 2193 703 2254 credunt
729 2197 1154 2270 protestantes,
1192 2195 1254 2252 in
1282 2216 1342 2254 se
1373 2194 1665 2269 continet3
1699 2217 1832 2275 ergo
1859 2195 2149 2278 indepen—

38 2287 234 2348 dentia
279 2289 538 2369 religiosa
581 2289 654 2347 ab
696 2290 1039 2348 auctoritate
1083 2289 1341 2349 Ecclesiae
1375 2290 1437 2348 in
1475 2312 1651 2349 sensu
1693 2292 2152 2350 protestantium

40 2408 160 2444 non
178 2386 382 2460 officit,
416 2387 558 2465 quin
581 2385 801 2467 aliquid
824 2385 898 2444 de
928 2385 1042 2445 fide
1072 2386 1343 2445 credatur
1367 2388 1476 2466 (2).
1510 2388 1577 2446 2⁰
1606 2388 1728 2446 Imo
1758 2410 1827 2447 ex
1850 2388 1960 2447 hoc
1984 2387 2155 2448 intel·

39 2481 263 2561 ligitur,
303 2481 592 2563 quomodo
629 2479 872 2540 Ecclesia
908 2491 1239 2562 protestans
1270 2504 1399 2540 una
1437 2482 1547 2557 sit,
1581 2504 1703 2541 non
1748 2483 1940 2542 minus
1977 2505 2155 2565 quam

43 2576 286 2635 Ecclesia
313 2598 555 2635 romana
578 2620 594 2649 ‚
631 2598 812 2656 quum
850 2598 967 2634 una
997 2577 1115 2634 fide
1160 2587 1219 2635 et
1244 2577 1747 2636 Sacramentorum
1778 2578 2156 2637 administra-

45 2671 201 2731 tione
218 2676 387 2750 juxta
425 2681 687 2729 mentem
722 2671 808 2727 sui
835 2669 1159 2728 fundatoris
1191 2669 1499 2750 (Christi)
1541 2692 1746 2730 omnes
1785 2671 1984 2731 fideles
2013 2692 2156 2731 con-

49 2903 172 2936 noue
191 2925 204 2947 ‚
229 2906 357 2955 pour
392 2904 584 2937 assurer
626 2886 1006 2936 solennellement
1034 2887 1066 2936 ὰ

50 2986 135 3017 son
152 2954 318 3034 quise
346 2987 440 3018 une
469 2975 730 3018 assistance
757 2971 892 3018 anesi
911 2970 1064 3017 dura-

55 3050 127 3098 ble
167 3068 257 3115 qne
297 3052 337 3099 Ie
375 3051 560 3100 monde.
599 3052 736 3100 Mais
783 3051 913 3100 belae
936 3054 958 3099 !
996 3059 1068 3099 cet

52 3133 186 3199 effert
229 3132 285 3180 de
314 3131 515 3181 l’amour
552 3135 893 3199 tontpuieeant
940 3134 1067 3181 n’eut

46 3231 141 3279 pas
188 3216 219 3262 ὰ
254 3214 492 3280 beaucoup
535 3217 646 3280 pres
681 3225 780 3264 tout
820 3215 862 3264 Ie
904 3216 1063 3264 succes

54 3297 175 3361 qu-'il
192 3300 472 3362 annmvpaic.
495 3299 602 3346 Par
617 3299 780 3363 defaut
808 3298 866 3346 de
882 3301 1064 3347 science

55 3396 118 3427 on
145 3379 200 3426 de
229 3379 359 3442 sbrce
375 3417 388 3438 ‚
417 3396 479 3428 ou
500 3397 599 3445 par
623 3380 903 3430 distraction
923 3390 1064 3446 pent-

57 3463 152 3508 ecre
166 3497 181 3518 ,
204 3461 341 3509 Dien
367 3479 579 3526 manqua
599 3481 683 3511 eon
709 3481 829 3530 conp
850 3473 893 3512 et
907 3471 1068 3529 neput

58 3544 183 3590 tenir
203 3560 256 3592 sa
280 3542 507 3609 parole...
536 3544 708 3593 bientot
722 3554 834 3594 celte
865 3545 1068 3611 reliqion

56 3627 230 3687 sainte,
248 3626 421 3675 revelee
433 3628 463 3676 ἀ
477 3626 793 3695 l'hom-me'par
806 3628 1069 3680 l’Homme-

1148 2885 1319 2946 Dieu,
1378 2902 1437 2934 ne
1483 2886 1563 2950 fut
1594 2885 1709 2953 plus
1753 2886 1925 2952 qu'nne
1977 2887 2160 2953 infame

1147 2965 1373 3015 idolatrie
1389 3003 1403 3026 ,
1437 2970 1526 3032 qui
1565 2968 1778 3017 dur-erait
1808 2985 2005 3032 encore,
2047 2972 2093 3018 si
2119 2969 2162 3019 le

1151 3049 1524 3099 Christianisme
1561 3049 1691 3100 n’eat
1729 3056 1798 3100 ete
1831 3052 2163 3117 bracquement

1147 3137 1338 3180 ramene
1350 3133 1380 3180 ὰ
1408 3148 1461 3179 sa
1469 3137 1638 3197 purete
1654 3133 1898 3199 oriyinelle
1905 3151 2005 3200 par
2036 3134 2162 3183 denec

1145 3213 1438 3262 miserable&

1216 3296 1285 3358 (l)
1320 3295 1377 3346 S.
1422 3295 1544 3345 Iren.
1583 3295 1761 3346 Contra
1802 3296 1998 3346 haereses
2021 3335 2035 3362 ‚
2069 3298 2157 3347 loc.

1155 3380 1240 3427 cit.

1218 3463 1264 3528 (2
1319 3464 1386 3512 Ita
1419 3463 1578 3512 Revne
1597 3472 1919 3530 protestante3
1952 3464 2026 3512 cui
2055 3455 2164 3510 addi

1149 3555 1297 3613 potest
1311 3545 1372 3595 D.
1391 3546 1742 3613 Breckenridge‚
1764 3550 1814 3597 in
1837 3544 2166 3595 Controversia

1154 3630 1432 3678 americana
1445 3667 1459 3693 ,
1481 3629 1574 3681 loc.
1596 3631 1679 3679 cit.
