2554 4140
311 105 426 165 138

977 122 1048 158 ΒΕ
1091 120 1241 160 VERA
1283 121 1405 160 ΒΕΖ.
1457 123 1589 161 ADV.
1635 123 1790 162 mon.

306 267 740 329 humanitatem
769 262 1003 339 evehit3
1044 264 1124 323 ita
1155 286 1297 326 vero
1326 276 1415 326 est
1444 264 1626 325 ardua
1646 311 1661 342 ,
1692 276 1759 324 ut
1786 264 2112 335 humanam
2134 270 2449 330 infirmita-

305 377 428 426 tem
455 362 786 444 opprimat3
816 359 946 420 vult
961 373 1243 443 praeterea
1266 374 1333 420 ut
1356 361 1630 421 humanis
1659 361 1934 422 omnibus
1966 366 2214 426 nuncius
2237 369 2446 428 remit-

306 473 496 533 tatur,
538 478 669 540 quae
698 479 792 517 res
825 455 1020 516 locum
1061 455 1280 518 habere
1315 459 1522 541 nequit
1552 459 1662 517 nisi
1703 459 1768 517 in
1807 459 2209 520 monachismo
2247 484 2348 523 seu
2384 465 2447 522 in

305 555 675 639 separatione
696 576 726 612 a
753 551 1001 618 mundO..
1021 553 1173 613 201d
1204 566 1368 637 patet
1392 576 1464 614 ex
1489 555 1670 614 nimia
1695 558 2041 616 auctoritate
2066 579 2169 617 seu
2198 558 2449 640 imperio

304 649 673 710 sacerdotum
706 649 768 709 in
799 648 1069 708 homines
1097 695 1113 725 ,
1156 671 1302 732 quos
1332 661 1420 709 tot
1448 650 1767 730 subjiciunt
1795 650 2181 713 observantiis
2209 653 2398 713 cultus
2421 699 2439 730 ‚

303 760 373 809 ut
414 749 568 831 ipsos
619 745 892 806 obruant.
942 747 1080 806 Haec
1118 769 1294 829 porro
1338 747 1458 806 duo
1501 760 1887 831 opponuntur
1925 749 2079 810 civili
2117 751 2450 832 progressui

305 856 434 904 tum
460 843 767 903 industriae
795 854 926 901 tum
962 841 1287 915 libertatisz,
1330 842 1489 924 quod
1523 846 1732 927 cuique
1759 857 1922 927 patet
1953 846 2277 906 dummodo
2307 849 2452 907 Pro-

306 941 749 1002 testantismum
786 960 888 998 seu
917 937 1436 997 Christianismum
1474 938 1849 1001 dimidiatum
1884 942 2147 1002 conferat
2187 964 2323 1003 cum
2364 964 2453 1003 ca-

305 1035 637 1097 tholicismo
661 1057 763 1094 seu
789 1034 1017 1114 integro
1051 1033 1505 1093 christianismO.
1534 1035 1716 1116 ‚Apud
1737 1038 2136 1098 Protestantes
2168 1041 2328 1098 enim
2356 1040 2453 1098 in-

308 1131 530 1192 dustria
564 1131 757 1213 viget,
788 1151 981 1189 mores
1018 1128 1388 1189 efflorescunt
1415 1155 1431 1204 ς
1467 1142 1672 1189 contra
1710 1132 1869 1214 apud
1901 1134 2228 1194 Catholicos
2255 1136 2453 1195 omnia

306 1228 608 1309 languent.
637 1226 702 1286 3⁰
732 1228 902 1286 Patet
930 1247 999 1285 ex
1020 1224 1251 1284 influxu
1279 1225 1451 1307 longe
1475 1225 1740 1287 validiori
1769 1273 1785 1302 7
1814 1250 1992 1309 quem
2014 1242 2245 1290 exercet
2269 1231 2454 1292 civilis

308 1325 541 1385 cultura
563 1322 638 1382 ad
652 1322 1006 1406 populorum
1030 1343 1222 1381 mores
1239 1322 1611 1403 corrigendos
1628 1344 1752 1405 prae
1769 1322 2048 1404 religione
2069 1370 2085 1399 ‚
2112 1347 2242 1408 quae
2261 1327 2454 1408 potius

309 1421 735 1482 detrimentum
763 1419 1038 1480 exteriori
1066 1441 1172 1478 suo
1201 1419 1359 1479 cultu
1395 1442 1632 1479 morum
1665 1421 1992 1501 integritati
2022 1422 2215 1483 affert.
2251 1422 2319 1482 40
2347 1424 2457 1482 De-

309 1519 489 1600 nique
534 1517 595 1576 id
636 1528 801 1599 patet
844 1538 917 1577 ex
959 1515 1225 1575 doctrina
1269 1515 1551 1576 catholica
1596 1516 1746 1590 circa
1790 1517 2023 1592 foenuS.,
2073 1518 2234 1600 quod
2281 1518 2455 1581 valde

309 1624 625 1698 promovet
666 1624 1059 1672 mercaturam
1079 1658 1094 1687 ‚
1128 1613 1254 1671 sine
1298 1635 1415 1694 quo
1444 1612 1554 1672 hac
1589 1624 1790 1672 nostra
1820 1625 1989 1673 aetate
2015 1615 2266 1686 ⁸societas
2295 1615 2452 1674 exis-

312 1723 436 1771 tere
476 1711 596 1770 fere
626 1710 869 1791 nequit⁷
911 1721 971 1768 et
1004 1709 1163 1791 quod
1203 1719 1400 1768 tamen
1438 1730 1675 1792 prorsus
1715 1709 2056 1771 eliminatur
2100 1733 2134 1770 a
2172 1710 2454 1791 religione

312 1805 636 1880 catholica3
676 1826 812 1886 ergo
839 1803 949 1886 (1).

384 2101 451 2165 (l)
490 2096 716 2148 OEuvres
754 2097 1015 2165 politiques
1059 2098 1118 2147 de
1163 2097 1229 2147 Μ.
1285 2097 1344 2147 de

315 2182 456 2232 Pradt
478 2221 491 2243 ‚
513 2185 678 2231 ancien
696 2167 885 2249 Eveque
912 2182 968 2230 de
992 2180 1188 2229 Malines
1210 2216 1224 2239 ‚
1251 2179 1344 2228 Du

314 2265 601 2314 Josuitisme
622 2265 798 2313 ancien
812 2273 856 2312 et
870 2264 1114 2322 moderno,
1139 2263 1193 2311 3e
1209 2262 1342 2322 edit„

327 2349 455 2398 Paris
491 2345 620 2397 1828
643 2385 656 2408 ‚
693 2348 773 2396 ch.
809 2363 854 2395 w
882 2357 926 2395 et
967 2363 1122 2412 seqq.;
1160 2347 1243 2411 qui
1273 2355 1344 2394 ta·

318 2451 430 2483 men
455 2441 736 2498 protestatur
770 2449 818 2480 se
845 2432 896 2478 in
922 2432 1003 2479 cit.
1038 2446 1181 2494 capp.
1212 2445 1343 2494 spec-

317 2526 417 2566 tare
437 2516 713 2583 religionem
744 2515 1045 2564 christianam
1072 2522 1200 2561 extra
1225 2510 1348 2560 theo-

318 2598 498 2664 loqiam
524 2637 537 2660 ‚
563 2616 617 2647 ac
648 2598 934 2648 discussione
962 2614 1078 2662 pure
1118 2595 1344 2643 humana.

318 2680 397 2730 En
422 2678 523 2748 ejus
538 2681 675 2730 verba
699 2718 712 2739 ‚
743 2680 915 2747 quibus
937 2679 1114 2727 orditur
1141 2696 1241 2743 cap.
1264 2693 1311 2724 vi
1330 2712 1345 2738 ,

323 2767 602 2830 inscriptum
624 2762 703 2811 De
719 2762 766 2811 la
785 2762 1118 2827 modification
1150 2761 1207 2808 de
1231 2757 1350 2808 l'ac-

320 2849 426 2897 tion
453 2847 521 2894 du
540 2845 918 2895 Christianisme
931 2862 1031 2911 par
1060 2843 1109 2892 la
1133 2842 1350 2892 civili-sa·

322 2931 459 2979 tion:
483 2929 621 2978 Nous
649 2930 778 2977 voici
792 2928 903 2977 hors
921 2927 979 2975 de
1007 2926 1053 2976 la
1078 2925 1254 2991 theolog]
1265 2927 1310 2974 ie
1327 2944 1351 2985 ;

322 3029 448 3060 nous
471 3019 694 3059 remrons
716 3010 840 3060 dam
861 3028 952 3059 une
970 3010 1244 3059 discussion
1247 3026 1351 3075 pu-

323 3103 506 3144 rement
538 3094 801 3151 humaine;
846 3093 889 3142 il
923 3093 1069 3159 a’aqit
1100 3093 1157 3140 de
1192 3093 1355 3141 εαυοίν

318 3179 565 3245 pour-quoi
596 3193 669 3224 un
698 3175 820 3224 culte
838 3177 1177 3224 eminemment
1192 3176 1352 3241 repri-

325 3268 465 3309 mant
493 3276 554 3307 ne
589 3260 797 3325 reprime
811 3276 907 3325 pas
923 3267 1098 3307 autam
1113 3276 1203 3323 que
1223 3258 1355 3305 d’au·

327 3352 422 3391 tres
444 3380 457 3403 ‚
502 3343 591 3407 qui
633 3341 674 3389 le
705 3350 812 3389 sont
839 3342 1011 3390 moins.
1040 3339 1123 3389 Ici
1155 3340 1194 3389 il
1219 3341 1301 3405 n’y
1326 3357 1356 3388 a

319 3424 440 3493 plus
477 3442 568 3490 que
599 3423 719 3472 dela
746 3423 965 3471 moralite
989 3462 1002 3484 ‚
1027 3425 1083 3471 de
1107 3423 1154 3472 la
1171 3423 1358 3489 quique

329 3510 620 3558 examinant
632 3506 679 3556 la
703 3507 985 3572 conformite
1009 3508 1089 3555 des
1105 3509 1359 3573 principes

331 3609 447 3641 avec
478 3591 543 3641 les
566 3596 915 3656 consequentias
934 3627 946 3646 ,
965 3599 1010 3638 et
1035 3589 1092 3638 de
1113 3589 1163 3638 la
1175 3593 1361 3655 qeome-

338 3676 433 3723 trie
452 3674 702 3725 calculum
720 3673 785 3723 les
818 3673 1026 3722 diverses
1051 3674 1361 3739 proportione

1432 2097 1515 2146 des
1543 2097 1698 2162 liqnes
1726 2096 2063 2146 relativement
2090 2098 2122 2146 ὰ
2151 2097 2281 2147 leurs
2308 2099 2460 2166 effeta.

1431 2181 1510 2229 La
1526 2182 1712 2247 justice
1735 2182 1873 2245 πόρε
1892 2181 2039 2245 qu'on
2060 2196 2122 2228 ne
2150 2196 2275 2229 nous
2304 2190 2467 2228 tram-

1425 2271 1564 2329 porte
1581 2280 1678 2329 pas
1700 2279 1787 2311 eur
1806 2279 1878 2311 un
1896 2264 2082 2311 terrain
2111 2264 2199 2328 qui
2224 2262 2346 2311 n’est
2366 2280 2464 2329 pas

1430 2344 1560 2395 celui
1589 2344 1708 2393 dont
1733 2361 1857 2393 nous
1887 2361 2037 2393 avons
2059 2345 2160 2410 fait
2191 2344 2334 2394 choix
2349 2366 2369 2403 ;
2395 2347 2470 2394 ici

1430 2445 1554 2477 »nous
1581 2445 1643 2476 ne
1659 2445 1860 2476 somnies
1879 2444 1975 2494 pas
1995 2444 2056 2475 en
2079 2428 2246 2476 chaire
2266 2463 2281 2489 ,
2312 2427 2469 2477 seule-

1439 2520 1575 2560 ment
1604 2528 1727 2560 nous
1742 2528 1893 2560 avons
1910 2510 1952 2559 le
1981 2527 2175 2578 compos
2190 2512 2219 2561 ὰ
2241 2511 2289 2560 la
2302 2512 2464 2562 main.

1434 2593 1657 2660 Qujdsibi
1676 2594 1777 2643 vult
1794 2595 1884 2642 hoc
1910 2594 2198 2659 praeambulo
2222 2632 2235 2654 ‚
2263 2597 2354 2642 nisi
2372 2595 2461 2643 sub

1436 2678 1638 2726 obtentu
1675 2677 2020 2725 considerandae
2049 2676 2282 2742 religionis
2313 2677 2462 2724 chris-

1436 2762 1543 2808 tinae
1579 2761 1776 2824 (nempe
1805 2759 2044 2807 catholicae
2086 2769 2138 2807 ut
2180 2762 2278 2823 ipse
2309 2768 2462 2823 postea

1437 2845 1673 2908 exponit),
1705 2843 1928 2891 inducere
1953 2841 2225 2906 religionem
2248 2841 2474 2907 christia-A

1437 2944 1549 2974 nam
1572 2963 1584 2985 ‚
1622 2925 1710 2974 sub
1738 2935 1948 2991 respectu
1968 2925 2159 2990 politico
2178 2934 2430 2988 spectatam
2448 2961 2462 2986 ,

1441 3010 1771 3059 adversantem
1801 3010 2030 3056 societatis
2068 3008 2193 3057 bono
2225 3018 2367 3073 atque
2391 3010 2464 3055 in-

1442 3101 1678 3141 cremento
1698 3094 1721 3139 ¹?
1764 3087 1812 3139 Si
1838 3092 2017 3156 justitia
2063 3093 2236 3155 exigit,
2286 3101 2338 3138 ut
2370 3092 2470 3154 ipse

1443 3178 1535 3235 ait,
1554 3193 1616 3225 ne
1646 3192 1754 3224 eum
1790 3174 2030 3222 trahamus
2049 3185 2174 3222 extra
2202 3174 2471 3240 quaestionis

1445 3267 1616 3307 statum
1638 3294 1651 3317 ‚
1673 3258 1839 3305 veritas
1855 3258 2022 3320 pariter
2040 3259 2178 3321 exigit
2201 3293 2214 3315 ‚
2232 3275 2290 3304 ne
2314 3256 2470 3319 religio

1446 3342 1694 3390 christiana
1709 3357 1789 3387 seu
1807 3339 2473 3402 catholicadeformeturjuxta

1448 3431 1785 3489 praeconceptae
1808 3422 2156 3486 pseudopolitici
2172 3423 2306 3470 istius
2325 3419 2470 3467 ideas.

1450 3506 1633 3555 Deinde
1659 3505 1847 3570 prolatis
1866 3543 1878 3565 ‚
1916 3522 2020 3571 quae
2046 3524 2072 3554 a
2107 3504 2243 3555 nobis
2271 3502 2473 3550 adducta

1452 3599 1595 3648 sunt,
1628 3587 1869 3637 concludit
1900 3606 1914 3637 ε
1942 3588 2003 3637 Si
2019 3586 2113 3637 l'on
2136 3594 2243 3634 veut
2273 3585 2347 3632 me
2362 3600 2476 3632 con-

1454 3679 1591 3722 tester
1623 3688 1697 3721 ces
1723 3671 1859 3720 bases
1885 3679 1930 3720 et
1949 3671 2013 3720 les
2041 3678 2177 3719 tamer
2193 3668 2475 3733 d’exoqera·
