2554 4140
317 152 435 212 314

942 170 1011 210 ΒΕ
1055 170 1208 212 VERA
1251 170 1372 209 REI„
1423 172 1555 214 ΜΝ.
1600 173 1804 213 numa.
1883 167 1893 186 ⁸

318 317 614 378 Christum
644 313 1112 374 Antichristumi'
1144 315 1511 399 Quamquam
1538 314 1629 376 his
1662 339 1808 400 opus
1844 339 1967 377 non
1999 319 2075 378 sit
2100 320 2270 402 plura
2299 344 2440 384 con-

314 432 511 491 gerere
549 407 624 469 ad
657 408 1072 492 depellendam
1110 410 1499 488 calumniam,
1547 434 1730 495 quum
1767 413 1863 475 vel
1903 413 2013 495 ipsi
2042 416 2437 479 Protestantes

315 529 374 565 ra
384 506 689 567 tionalistae
706 507 989 585 ejusmodi
1004 508 1248 568 invento
1265 507 1610 588 glorientur3
1629 509 2039 590 Wegscheider
2055 531 2206 570 unus
2229 532 2300 571 ex
2314 517 2436 590 ejus

314 602 709 683 antesignanis
737 616 1001 664 recenset
1018 620 1280 664 auctores
1300 605 1681 664 rationalismi
1702 651 1717 680 ,
1756 606 1854 686 qui
1879 627 2082 666 omnes
2113 608 2441 667 Protestan·

315 710 402 758 tes
443 710 582 757 sunt
610 697 722 779 (l).
761 700 1040 777 Kantius,
1072 723 1101 759 a
1133 721 1249 783 quo
1281 701 1648 783 potissimum
1685 701 1966 782 originem
2004 701 2204 779 duxit,
2242 724 2442 763 nonne

311 793 650 854 Protestans
683 794 812 856 est?
853 798 1064 856 Nonne
1110 798 1507 856 protestantes
1544 798 1584 855 ii
1623 809 1796 871 sunt,
1833 819 1866 856 a
1904 795 2117 879 quibus
2152 798 2440 878 mysticis-

314 911 443 949 mus
477 902 536 949 et
579 891 922 950 fanatismus
959 890 1230 973 prodiere
1277 889 1409 971 (2)?
1449 894 1653 969 Porr0‚
1693 893 1741 952 si
1774 897 1867 971 jus
1904 914 2076 953 suum
2104 903 2193 953 est
2234 893 2445 975 cuique

313 986 696 1046 tribuendum
721 1032 736 1061 a
763 996 1008 1046 teneant
1035 988 1429 1046 protestantes
1445 987 1604 1068 quod
1624 1010 1796 1047 suum
1820 1000 1940 1067 est3
1966 989 2074 1049 iste
2104 1000 2192 1057 est
2220 990 2443 1048 fructus

312 1083 434 1145 sive
450 1083 688 1142 effectus
705 1082 861 1140 illius
877 1103 1105 1161 magnae
1127 1080 1269 1141 lucis
1286 1126 1303 1156 a
1338 1102 1469 1162 quae
1497 1081 1738 1142 demum
1763 1105 2013 1164 regnum
2037 1107 2207 1144 suum
2231 1084 2444 1165 adepta

313 1191 401 1239 est
427 1178 638 1238 saeculo
667 1179 795 1237 XVI
814 1222 830 1252 ,
860 1188 921 1236 et
951 1176 1107 1236 illius
1139 1175 1461 1254 libertatiS,
1501 1199 1681 1260 quam
1702 1179 1765 1237 in
1794 1180 2087 1240 mundum
2107 1181 2311 1241 intulit
2336 1182 2446 1240 Lu-

311 1275 514 1334 therus
537 1295 676 1335 cum
710 1274 916 1335 ceteris
947 1273 1065 1333 suis
1099 1294 1418 1334 sacrorum
1448 1276 1946 1335 emendatoribus.

380 1471 447 1535 (1)
486 1469 579 1536 Op.
614 1472 696 1520 cit.
732 1468 811 1519 Sic
846 1472 971 1520 enim
1021 1471 1144 1519 inter
1190 1480 1339 1519 cetera
1419 1468 1705 1534 symbolicos
1747 1477 1795 1517 et
1830 1485 1976 1517 usum
2010 1470 2256 1529 rationis,
2299 1485 2441 1534 quem

311 1555 469 1603 scribit
490 1557 541 1602 in
558 1554 837 1619 praefatione,
858 1571 969 1620 cap.
996 1569 1013 1601 1
1033 1570 1048 1601 ι
1081 1570 1096 1602 2
1119 1552 1339 1602 Omnino

303 1654 587 1704 proqressus
603 1636 654 1684 in
672 1636 940 1684 litterarum
955 1636 1252 1684 doctrinae...
1274 1637 1340 1700 ef-

306 1722 425 1787 fecti
467 1720 712 1786 plerosque
773 1721 1132 1784 protestantium
1181 1717 1341 1767 Eccle-

317 1808 497 1853 siarum
518 1805 663 1851 socios
677 1801 741 1849 ad
757 1801 932 1850 altiora
958 1801 1106 1866 quasi
1123 1801 1340 1850 scientim

312 1896 452 1952 atque
481 1885 684 1935 culturoe
701 1884 875 1951 templa
890 1884 1199 1932 adduxerunt
1216 1920 1229 1943 2
1247 1901 1341 1932 un-

313 1970 370 2018 de
407 1968 559 2017 aliam
592 1967 714 2034 fidei
740 1968 994 2034 .reli9iosoe
1033 1967 1246 2033 formam
1281 1983 1340 2016 ac

312 2054 519 2119 speciem
554 2057 845 2111 intuentur,
878 2068 1025 2116 qaam
1063 2050 1331 2116 majoribus

314 2137 493 2184 nostris
512 2151 603 2200 pro
628 2134 765 2182 illins
801 2135 958 2182 oetatis
986 2132 1262 2181 rationibus
1280 2133 1340 2181 li-

315 2219 433 2266 cuit.
462 2218 521 2265 Et
538 2217 707 2266 clarius
737 2217 910 2266 adhuc.
931 2217 945 2280 (
970 2212 1145 2281 proleg.
1164 2233 1267 2282 cap.
1291 2232 1336 2278 1,

315 2298 342 2368 §
363 2318 378 2349 1
392 2301 438 2364 3)
457 2318 470 2348 :
488 2302 923 2349 Protestantismus
943 2309 1103 2348 autem
1125 2337 1138 2360 ,
1162 2302 1337 2366 inquit,

314 2401 464 2449 qaum
484 2391 713 2430 accurata
730 2392 773 2430 et
788 2382 982 2430 subdita
1010 2381 1243 2430 librorum
1259 2399 1339 2430 sa-

314 2482 504 2513 crorum
536 2465 850 2529 indaqatione
883 2466 1108 2524 nitatur,
1148 2480 1339 2512 eoram-

315 2565 405 2613 qae
422 2554 761 2611 arqumentnm
778 2545 843 2594 ad
856 2562 1023 2595 verum
1053 2547 1166 2597 vitm
1196 2562 1340 2593 nsum

317 2630 578 2694 transferre
619 2627 837 2689 studeat,
884 2635 1141 2693 utrumque
1174 2635 1335 2676 autem

311 2731 403 2780 pro
428 2713 621 2762 illorum
647 2712 882 2761 librorum
915 2712 1109 2760 diversa
1139 2711 1301 2760 indole
1323 2749 1338 2771 ‚

317 2799 493 2863 soepius
524 2797 699 2845 obcura
715 2832 733 2859 ,
771 2797 877 2844 nisi
900 2797 1107 2845 rationis
1129 2797 1344 2861 artisque

317 2897 413 2929 usa
453 2880 662 2928 obtineri
695 2886 898 2944 nequeat
919 2917 931 2940 ‚
950 2881 1067 2946 jam
1091 2878 1151 2926 ab
1196 2880 1342 2928 initio

318 2963 676 3028 reformationis
731 2961 966 3011 Ecclesiae
1004 2962 1186 3028 primis
1238 2963 1345 3028 ejus

319 3045 598 3095 auctoribus
633 3045 713 3094 hic
735 3047 943 3094 rationis
974 3062 1091 3093 usus
1119 3045 1236 3093 adeo
1260 3043 1341 3093 ob-

321 3129 601 3177 versabatur
619 3166 632 3188 ‚
656 3131 779 3177 utin
803 3130 912 3195 ipsa
927 3145 1171 3176 sacrorum
1189 3145 1346 3176 emen-

325 3210 520 3259 datione
534 3212 838 3261 rationalismi
858 3215 1064 3277 germina
1075 3209 1344 3261 clarissime

321 3301 609 3360 appareant.
630 3295 694 3343 Ac
708 3296 903 3344 demum
927 3295 1047 3344 ibid.
1075 3305 1176 3344 not.
1195 3294 1245 3357 k,
1264 3313 1343 3343 os·

324 3377 511 3426 tendere
551 3379 716 3425 nititur
764 3379 1069 3427 rationalismi
1114 3379 1343 3444 principia

324 3460 464 3508 fuisse
482 3478 508 3508 a
533 3458 740 3508 Luthero
775 3464 921 3526 posita
942 3498 955 3521 ‚
987 3473 1031 3510 et
1055 3460 1292 3511 concludit
1321 3478 1338 3508 .-

331 3542 455 3607 Quae
481 3559 590 3590 oum
625 3544 695 3590 ita
721 3543 852 3603 sint,
879 3543 1081 3609 theologi
1110 3544 1342 3592 recentia-

325 3642 398 3672 res
418 3663 430 3684 ‚
447 3628 535 3691 qui
548 3625 613 3673 ad
635 3624 839 3673 Lutheri
854 3642 982 3673 exem
984 3625 1141 3691 plum,
1169 3625 1340 3675 claris·

324 3710 557 3774 simisque
580 3707 850 3759 rationibus
871 3709 1009 3757 ducti
1044 3708 1169 3758 ultra
1197 3708 1342 3756 libros

1426 1553 1598 1602 dicunt
1615 1553 1888 1618 formalem,
1922 1571 2088 1621 sapere
2124 1553 2319 1602 tandem
2350 1553 2446 1602 ali-

1423 1636 1616 1702 quando
1650 1636 1958 1698 didicerant,
2011 1653 2099 1684 sao
2130 1638 2285 1704 jare,
2318 1638 2448 1684 sicat

1420 1718 1695 1779 Luffieras,
1725 1726 1848 1767 recte
1886 1721 1962 1767 uti
1998 1719 2228 1768 videntur
2247 1756 2260 1781 ,
2289 1736 2441 1786 neque

1420 1800 1531 1850 ideo
1553 1801 1897 1851 calumniandi
1922 1810 2055 1866 sunt.

1484 1883 1554 1948 (2)
1592 1882 1775 1933 Celeres
1828 1885 2132 1934 rationalismi
2180 1900 2447 1949 progressus

1417 1968 1539 2016 inter
1575 1967 1885 2017 Protestantes
1904 2005 1919 2032 ‚
1948 1972 2143 2035 ejusque
2171 1975 2326 2032 aperta
2360 1983 2444 2032 op-

1418 2052 1585 2116 positib
1613 2061 1773 2101 contra
1819 2051 2060 2125 quodlibet
2100 2049 2444 2100 Christianismi

1419 2136 1703 2200 principium
1733 2135 1888 2183 divisit
1904 2134 2213 2184 Protestantes
2239 2135 2290 2180 in
2305 2132 2443 2191 duos,

1419 2227 1471 2265 ut
1498 2218 1561 2265 ita
1605 2217 1759 2265 dicam
1782 2254 1797 2278 ‚
1835 2219 2047 2282 ingentes
2087 2218 2346 2276 exercitus,
2396 2216 2448 2263 in

1418 2297 1733 2347 naturalistas
1758 2337 1772 2360 ,
1818 2301 1900 2366 qui
1945 2282 2164 2365 rejiciunt
2203 2299 2447 2364 positivam

1419 2380 1504 2430 Dei
1522 2381 1846 2430 revelationem
1867 2418 1880 2442 ,
1896 2392 1941 2430 et
1956 2378 2441 2446 supernaturalium,

1421 2464 1503 2528 qui
1526 2464 1675 2527 ipsam
1698 2463 1970 2511 admittunt.
1993 2462 2082 2527 Qui
2106 2462 2298 2528 quidem
2344 2477 2449 2526 pos-

1421 2548 1558 2595 tremi
1589 2547 1757 2593 iterum
1802 2548 1852 2592 in
1901 2545 2017 2593 duas
2046 2544 2210 2592 classes
2242 2542 2448 2591 subdivi-

1421 2629 1599 2677 duntur
1615 2665 1628 2688 ‚
1648 2645 1846 2694 quarum
1864 2627 2004 2676 altera
2023 2627 2083 2675 ad
2109 2643 2315 2691 unguem
2345 2641 2443 2674 sec-

1422 2722 1546 2761 tatur
1562 2711 1753 2760 Lutheri
1772 2711 1940 2776 placita
1955 2747 1969 2768 ‚
1997 2710 2293 2776 admittitque
2311 2725 2448 2774 prop—

1424 2806 1547 2845 terea
1572 2795 1718 2844 libros
1751 2794 2041 2861 symbolicos
2075 2810 2157 2842 seu
2198 2793 2308 2842 fidei
2338 2810 2446 2858 pro-

1424 2878 1644 2927 fessiones
1687 2894 1781 2926 una
1814 2894 1922 2926 cum
1970 2876 2126 2943 aliqua
2166 2875 2449 2924 hierarchica

1423 2962 1760 3013 constitutione
1775 2975 1963 3008 suarum
1978 2959 2450 3022 Ecclesiarum‚prout

1424 3049 1474 3096 in
1505 3045 2074 3110 Borrussia.potissimum
2107 3044 2266 3107 viget3
2309 3042 2450 3090 altera

1423 3146 1532 3179 vero
1553 3138 1619 3177 est
1640 3127 1963 3176 Pietistarum
1987 3144 2067 3175 seu
2087 3125 2416 3190 Mysticorum
2433 3162 2448 3187 ‚

1425 3215 1508 3279 qui
1538 3211 1682 3260 libros
1713 3209 1992 3276 symbolicos
2013 3210 2261 3275 rejiciunt,
2296 3224 2449 3273 neque

1426 3295 1621 3362 obsequi
1674 3311 1723 3341 se
1769 3294 2044 3358 profitentur
2095 3293 2186 3340 nisi
2242 3292 2449 3342 interiori

1429 3378 1630 3444 Spiritus
1661 3375 1815 3423 Sancti
1839 3376 2031 3424 lumini.
2062 3373 2255 3422 Pietistae
2273 3375 2322 3421 in
2339 3372 2452 3421 Ger-

1434 3462 1590 3510 mania
1616 3476 1707 3507 suae
1738 3469 1869 3507 sectae
1898 3458 2166 3507 fundatores
2193 3459 2451 3522 agnoscunt

1428 3542 1698 3606 Philippum
1731 3540 1962 3589 Jacobum
1993 3537 2197 3606 Spener,
2234 3538 2448 3587 comitem

1425 3623 1711 3673 Zinzendorf
1724 3661 1735 3685 ,
1764 3623 1889 3673 Frid.
1911 3621 2224 3672 Wantenville
2243 3631 2288 3670 et
2302 3618 2452 3684 Span-

1424 3706 1646 3771 genberg.
