2554 4140
2094 121 2208 182 187

460 147 583 184 GAP.
634 148 719 187 IV.
766 149 834 184 DE
876 147 1055 186 Exlsr.
1102 146 1218 185 mv.
1263 146 1334 183 Ac
1375 143 1680 182 SUPERNAT.
1726 143 1854 185 REV-

85 285 287 345 afflatu
323 300 853 348 commoverentur.
891 284 1061 361 Quod
1096 285 1145 344 si
1184 284 1710 346 vehementissimae
1744 285 1879 344 huic
1915 304 2212 367 praesum-

88 381 235 440 tioni
275 381 551 443 accedant
596 382 873 443 miracula
916 380 1148 463 publica
1196 399 1262 437 ac
1302 381 1705 457 testatissima,
1756 380 1905 439 nulli
1955 378 2211 463 amplius

87 476 440 536 dubitationi
462 478 619 538 locus
645 500 768 538 esse
800 486 994 559 potest
1018 475 1094 534 de
1127 473 1327 532 divina
1356 494 1423 532 ac
1459 476 1890 555 supernaturali
1921 475 2210 554 ejusmodi

87 572 441 634 fortitudinis
470 585 529 634 et
555 573 894 633 constantiae
916 590 1116 642 causa3
1157 590 1259 627 seu
1293 567 1453 650 quod
1487 568 1646 628 idem
1676 582 1762 628 est
1797 593 1811 629 ε
1847 571 2211 631 Christiano·

86 688 220 725 rum
244 679 564 748 martyrum
600 665 996 726 testimonium
1018 709 1036 742 7
1066 662 1342 722 omnibus
1377 667 1499 742 ejus
1529 662 1818 741 adjunctis
1857 668 2164 748 perpensis
2186 710 2212 740 ‚

89 760 506 822 validissimum
535 761 756 844 pariter
786 771 876 819 est
910 759 1125 821 divinae
1158 759 1373 819 Christi
1406 759 1694 818 missionis
1722 772 2164 838 argumentum.

911 948 1395 992 DIFFICULTATES.

167 1088 305 1147 421.
350 1087 481 1166 Obj.
531 1090 742 1170 prima.
788 1090 1254 1149 Christianorum
1299 1091 1646 1171 martyrium
1678 1089 1829 1148 nihil
1866 1090 2083 1151 evincit
2100 1136 2117 1166 7
2165 1092 2215 1151 si

82 1181 179 1243 vel
199 1183 261 1241 10
282 1205 351 1242 ex
373 1184 715 1265 stupiditate
738 1231 755 1259 7
786 1184 884 1245 vel
905 1185 973 1243 20
992 1207 1063 1245 ex
1087 1185 1282 1245 furore
1298 1186 1514 1244 mentis
1534 1196 1592 1245 et
1606 1185 1787 1244 animi
1802 1184 2212 1263 (fanatismum

81 1278 330 1357 vocant)
350 1322 367 1352 7
404 1278 500 1339 vel
529 1278 596 1337 30
620 1281 906 1339 exinanis
935 1279 1132 1359 gloriae
1160 1279 1434 1362 cupidine
1454 1325 1470 1355 7
1511 1279 1607 1342 vel
1646 1279 1712 1339 40
1742 1301 1812 1339 ex
1848 1300 1952 1362 spe
1983 1279 2214 1341 emolu-

82 1373 299 1447 menti7
333 1372 428 1433 vel
455 1373 521 1430 50
546 1394 618 1433 ex
644 1374 809 1433 inani
845 1377 1281 1457 exspectatione
1314 1373 1610 1434 bonorum
1646 1374 1983 1435 futurorum
2021 1377 2211 1459 repeti

83 1469 265 1549 possit
292 1489 357 1528 ac
383 1467 613 1528 debeat.
654 1470 721 1528 6⁰
754 1470 897 1544 Quis
926 1473 1086 1530 enim
1113 1470 1344 1551 ignorat
1371 1469 1568 1530 Cafros
1587 1516 1604 1546 7
1634 1470 1919 1550 Nigritas7
1951 1471 2209 1553 Japones

84 1561 340 1645 aliosque
372 1562 651 1624 barbaros
677 1563 773 1624 vel
800 1587 860 1624 se
889 1557 1216 1648 praecipites
1242 1587 1273 1625 e
1297 1564 1543 1648 rupibus
1580 1564 1717 1625 dare
1737 1611 1753 1641 7
1785 1563 1881 1627 vel
1918 1576 2057 1625 ante
2082 1565 2210 1625 ido-

84 1656 276 1716 lorum
302 1657 562 1740 plaustra
580 1681 642 1719 se
662 1672 923 1721 sternere
945 1662 1008 1720 in
1030 1662 1142 1722 viis
1164 1706 1182 1737 7
1211 1672 1280 1720 ut
1305 1659 1378 1720 ab
1401 1661 1470 1720 iis
1494 1661 1876 1737 triturentur7
1908 1660 2005 1723 vel
2030 1660 2212 1722 Indo-

83 1773 217 1811 rum
250 1754 453 1815 viduas
489 1776 549 1815 se
585 1757 649 1815 in
693 1756 888 1836 ignem
927 1757 1248 1817 immittere
1275 1802 1291 1832 7
1328 1768 1397 1815 ut
1429 1777 1553 1817 sese
1591 1756 1814 1815 maritis
1839 1756 1960 1818 vita
1986 1749 2211 1816 'functis

83 1853 440 1929 conjungant
458 1896 473 1925 7
505 1862 632 1909 tum
652 1873 728 1911 ne
747 1873 808 1911 se
832 1852 1070 1911 infamia
1097 1850 1410 1935 polluant?
1434 1853 1717 1912 Praeterea
1740 1852 1807 1911 70
1823 1851 1870 1910 si
1891 1873 2013 1911 non
2031 1873 2210 1933 poena

83 1943 187 2002 sed
219 1965 388 2004 causa
427 1958 748 2027 martyrem
791 1947 927 2007 facit
948 1994 964 2023 7
1014 1959 1081 2007 ut
1117 1948 1230 2008 fert
1264 1960 1566 2029 receptum
1615 1947 1906 2028 religionis
1939 1948 2203 2023 axioma,

81 2039 373 2120 profecto7
402 2040 543 2101 dum
570 2042 939 2103 concluditur
971 2044 1185 2105 veritas
1209 2042 1533 2103 christianae
1556 2042 1849 2122 religionis
1879 2044 2014 2124 quia
2039 2064 2201 2102 mar-

83 2144 238 2213 tyres
276 2133 484 2195 habuit
506 2183 521 2211 7
563 2139 916 2220 supponitur
942 2138 1004 2197 id
1031 2138 1189 2221 quod
1217 2149 1305 2199 est
1335 2139 1401 2197 in
1430 2138 1733 2220 questione
1750 2135 1880 2219 '(l);
1915 2159 2076 2217 erg0.

151 2381 213 2443 (1)
251 2381 319 2430 Ita
353 2394 510 2433 auctor
541 2384 649 2432 libri
693 2383 923 2433 Examen
955 2384 1014 2433 de
1050 2384 1098 2433 la
1176 2387 1358 2451 pissoe,
1382 2394 1521 2451 atque
1539 2387 1759 2450 impressa
1789 2385 1861 2433 fut
1890 2387 1941 2433 in
1965 2383 2206 2434 Biblioeh.

80 2461 285 2527 relr'qion
303 2501 317 2524 7
351 2465 488 2531 chap.
517 2463 551 2513 6
568 2503 583 2526 7
603 2483 692 2515 nec
714 2484 812 2514 non
834 2465 1098 2515 levissimus

80 2561 136 2592 ac
150 2548 482 2609 nugacissimus
499 2558 656 2597 auctor
669 2548 775 2596 libri
798 2586 810 2606 7
832 2548 1096 2596 Promena-

81 2624 162 2673 des
190 2626 313 2674 dam
351 2628 498 2677 Rome
517 2667 530 2690 7
562 2629 623 2677 D.
650 2630 707 2678 de
732 2629 957 2679 Stendhal
982 2668 994 2690 7
1013 2629 1096 2678 Pa-

80 2711 141 2757 ris
176 2704 323 2776 1829,
354 2720 465 2760 tom.
493 2727 559 2771 117
593 2729 641 2776 p.
675 2711 731 2759 13
760 2723 803 2760 et
839 2730 993 2778 seqq.7
1015 2715 1097 2779 qui

80 2804 133 2842 ut
159 2798 298 2844 moris
317 2804 386 2844 est
417 2792 641 2857 ejusmodi
674 2796 1061 2858 peregrinatorum
1080 2832 1093 2854 7

82 2882 164 2944 qui
209 2879 518 2928 eruditionem
559 2887 787 2925 ostentant
804 2915 817 2935 7
867 2878 1096 2944 quidquid

83 2961 259 3009 confert
286 2961 344 3009 ad
378 2960 718 3024 depressionem
753 2960 985 3024 religionis
1020 2978 1097 3009 ca·

84 3042 266 3090 tholicae
281 3060 333 3090 ac
342 3042 659 3090 Romanorum
675 3042 974 3104 Pontificum,
993 3059 1097 3091 con·

85 3125 222 3186 gessit
263 3125 549 3188 sparsimque
595 3141 675 3188 per
726 3134 873 3172 totum
924 3124 1098 3173 librum

85 3204 413 3252 disseminavit.
444 3203 681 3253 Obsoletas
716 3205 896 3253 fabulas
926 3205 984 3253 ab
1009 3206 1099 3254 he-

86 3286 319 3334 terodoxis
368 3288 455 3351 ipsi
504 3286 761 3352 repudiatas
810 3288 867 3336 de
919 3285 1099 3337 Joanna

84 3370 261 3432 papissa
289 3370 482 3434 ejusque
502 3378 635 3433 partu
658 3379 878 3418 recantat.
904 3368 960 3417 At
975 3372 1100 3418 enim

86 3459 248 3513 praeter
274 3449 412 3516 Bayle
429 3449 687 3499 Leibnitius
713 3452 941 3500 eruditam
959 3455 1103 3518 scrip-

87 3533 143 3579 sit
179 3532 546 3581 dissertationem
566 3570 579 3593 7
610 3535 685 3581 cui
721 3534 908 3583 titulum
939 3535 1047 3582 fecit
1085 3551 1099 3581 ε

89 3610 254 3663 Flores
270 3617 429 3681 sparsi
452 3616 508 3663 in
524 3614 762 3664 tumulum
790 3614 1103 3682 Joannoepa-

1183 2466 1294 2514 hist.
1320 2466 1633 2531 qottinqensis
1651 2503 1663 2526 7
1695 2482 1787 2532 qua
1824 2466 1883 2514 ad
1913 2465 2116 2515 nihilum
2134 2484 2208 2515 re-

1183 2546 1306 2614 degit
1333 2550 1490 2596 omnia
1520 2553 1755 2614 supposita
1779 2547 2085 2598 fundamenta
2100 2549 2199 2597 hu-

1179 2631 1255 2696 jus
1296 2629 1503 2693 fabulae3
1546 2639 1748 2678 attamen
1791 2628 1852 2676 D.
1891 2629 1950 2677 de
1980 2627 2208 2678 Stendhal

1184 2712 1301 2759 serio
1323 2714 1489 2777 quaerit
1510 2727 1614 2760 eam
1630 2711 1905 2760 confirmare
1924 2711 2202 2760 eruditionis

1183 2795 1428 2857 peregrinae
1442 2802 1684 2859 apparatu,
1705 2802 1749 2841 et
1765 2792 1921 2841 solitas
1939 2791 2208 2842 Protestan·

1184 2877 1300 2922 tium
1325 2877 1508 2946 paenias
1537 2874 1744 2923 obtrudit
1763 2911 1776 2935 7
1804 2876 1902 2924 sive
1925 2874 1984 2923 ad
2007 2893 2105 2924 rem
2130 2876 2202 2924 fa·

1183 2960 1305 3007 ciant
1333 2960 1427 3006 sive
1447 2975 1543 3006 non
1561 2994 1572 3012 ,
1603 2957 1859 3005 dummodo
1881 2967 2204 3023 contemptum

1190 3048 1290 3107 ipse
1318 3043 1508 3105 inspiret
1533 3039 1778 3090 catholicae
1808 3041 2072 3106 religionis;
2111 3039 2208 3091 haec

1186 3126 1312 3173 enim
1332 3123 1431 3171 loca
1450 3134 1558 3172 sunt
1581 3126 1850 3172 communia
1877 3124 2096 3173 omnibus
2115 3124 2207 3173 Ec-

1187 3207 1332 3255 clesiae
1367 3204 1579 3253 hostibus
1597 3243 1610 3266 7
1636 3223 1741 3272 quae
1763 3208 1859 3272 ipse
1879 3209 2104 3256 continue
2134 3225 2206 3256 re-

1186 3290 1363 3354 coquit.
1394 3287 1592 3336 Difficile
1627 3299 1742 3337 esset
1779 3291 1936 3337 omnia
1966 3288 2207 3338 mendacia

1188 3380 1233 3419 et
1279 3369 1498 3418 falsitates
1548 3387 1820 3421 enumerare
1846 3409 1860 3431 7
1905 3370 2075 3437 quibus
2110 3371 2209 3435 ejus

1188 3468 1307 3516 opus
1348 3462 1528 3514 scatet,
1567 3463 1705 3519 atque
1740 3456 1789 3501 in
1829 3452 2038 3518 pluribus
2060 3488 2073 3511 7
2104 3468 2210 3516 quae

1188 3533 1324 3582 refert
1346 3571 1360 3593 7
1396 3534 1524 3583 factis
1548 3538 1761 3601 supinam
1797 3536 2108 3600 ignorantiam
2126 3549 2209 3581 os-

1188 3614 1355 3663 tendit.
