2554 4140
457 156 579 194 cAr.
629 156 711 193 111.
763 156 830 191 DE
874 155 999 194 nor.
1049 156 1164 193 mv.
1210 154 1280 194 Ac
1325 157 1609 194 soranum
1658 158 1788 195 arv.
2106 139 2179 198 81

1055 307 1090 386 g
1135 310 1208 367 11.

151 467 242 523 De
282 470 346 522 vi
384 475 439 523 et
467 464 723 541 efficacia
743 459 1085 540 ‘prophetice
1125 459 1212 516 ad
1248 460 1667 520 ostendendam
1719 465 2102 525 divinitatem

931 553 1327 612 revelationis.

151 751 291 809 204.
312 749 417 808 Hic
429 739 735 806 observare
741 746 913 821 juvat
927 740 1245 822 quamdam
1268 740 1623 802 excellentiae
1649 745 1904 825 speciem
1920 762 2188 829 respectu

72 845 258 904 nostri
271 841 379 902 sibi
395 837 699 900 conciliare
713 836 1086 919 prophetiam
1107 857 1284 918 super
1305 836 1654 897 miraculum
1669 837 1745 897 ad
1768 841 2192 905 ostendendam

71 939 331 1000 divinam
358 935 595 1013 alicujus
631 932 968 991 missionem
1002 952 1067 990 ac
1091 930 1339 1012 proinde
1373 931 1747 993 divinitatem
1776 934 1941 994 factae
1971 936 2193 997 revela-

72 1034 265 1094 tionis.
302 1031 447 1090 Cum
475 1029 635 1089 enim
658 1027 1062 1108 unusquisque
1089 1027 1251 1085 testis
1275 1047 1398 1086 esse
1430 1027 1613 1108 possit
1638 1039 1886 1089 eventus
1913 1029 2194 1111 praedicti,

72 1129 206 1189 satis
241 1137 329 1186 est
359 1147 494 1185 eum
523 1145 656 1183 cum
683 1121 993 1204 prophetia
1020 1142 1359 1203 comparare
1377 1166 1393 1197 ,
1422 1133 1491 1181 ut
1519 1123 1786 1205 superius
1818 1123 2196 1186 observatum

71 1235 177 1283 est.
206 1213 394 1296 Quare
424 1220 616 1279 minus
642 1215 1105 1278 cavillationibus
1134 1237 1200 1275 ac
1229 1216 1359 1276 telis
1383 1217 1824 1277 incredulorum
1852 1220 2196 1280 vaticinium

72 1317 383 1398 exponitur
399 1336 577 1396 quam
598 1311 966 1371 miraculum.
995 1310 1163 1384 Quod
1185 1321 1350 1392 patet
1367 1311 1737 1393 potissimum
1758 1334 1828 1372 ex
1857 1314 1982 1396 ipsa
2002 1315 2196 1377 incre-

74 1413 345 1472 dulorum
374 1408 582 1490 agendi
613 1407 835 1466 ratione
861 1416 921 1465 et
949 1406 1276 1486 praesertim
1301 1407 1500 1466 Freret
1517 1451 1534 1481 .,
1567 1407 1668 1488 qui
1689 1407 1826 1468 licet
1849 1407 2019 1490 plura
2049 1431 2194 1470 con-

76 1509 311 1588 gesserit
345 1504 620 1566 adversus
652 1500 1026 1584 probationes
1060 1499 1508 1576 christianismi,
1554 1506 1794 1584 ejusque
1824 1502 2152 1564 doctrinam
2171 1552 2188 1581 ,

73 1600 348 1661 miracula
368 1646 384 1675 7
424 1610 533 1659 etc.
558 1644 574 1673 ,
618 1597 736 1657 alto
768 1608 967 1657 tamen
1003 1595 1233 1654 silentio
1272 1597 1555 1678 praeteriit
1587 1599 1857 1659 vaticinia
1877 1644 1893 1675 .,
1933 1621 1999 1660 ac
2033 1601 2077 1660 si
2119 1601 2195 1660 ad

72 1718 139 1756 ea
163 1696 406 1755 minime
431 1693 780 1754 advertisset
799 1738 814 1767 ,
847 1711 1031 1772 eaque
1059 1692 1293 1772 penitus
1330 1691 1752 1767 dissimulavit,
1786 1705 1963 1801 prout
1991 1694 2193 1756 obser-

62 1792 223 1852 vavit
250 1789 563 1897 Spedalieri
591 1788 700 1867 (1).
732 1788 806 1845 At
820 1785 979 1868 quod
1001 1807 1122 1844 non
1146 1786 1418 1867 praestitit
1441 1787 1482 1844 F
1485 1798 1640 1846 reret
1660 1808 1761 1847 seu
1780 1789 1971 1849 verius
1993 1802 2193 1850 auctor

67 1886 258 1967 operis
305 1883 412 1942 sub
462 1887 584 1961 ejus
630 1881 870 1940 nomine
917 1880 1138 1960 vulgati
1155 1925 1172 1956 ‚
1230 1881 1293 1939 id
1335 1881 1734 1964 praestiterunt
1778 1884 2156 1945 rationalistae
2174 1931 2191 1960 ‚

68 1982 166 2062 qui
206 1978 355 2037 nihil
389 1978 746 2036 intentatum
777 1975 1144 2057 reliquerunt
1170 1975 1246 2033 ad
1284 1976 1408 2036 vim
1445 1974 1792 2037 elevandam
1832 1977 2004 2056 hujus
2034 1991 2190 2040 notae

69 2072 521 2158 supernaturalis
553 2071 945 2133 revelationis,
982 2073 1248 2152 Ipsorum
1288 2082 1633 2150 argumenta
1671 2072 1915 2133 inferius
1965 2095 2190 2156 expen-

69 2169 291 2230 demus,
333 2169 564 2228 Interea
605 2167 699 2225 sit-

68 2384 245 2439 rempta
270 2374 357 2423 hac
372 2375 550 2422 ratione
580 2373 788 2441 humana
816 2371 1027 2421 libertate
1066 2389 1082 2420 ε
1169 2387 1247 2420 sas
1270 2379 1448 2421 natura
1475 2373 1548 2421 ita
1579 2374 1843 2422 contineret
1863 2409 1879 2434 ,
1916 2383 1971 2423 ut
2002 2391 2059 2422 ea
2073 2376 2194 2440 fieri

67 2466 122 2508 Ἠ
143 2452 341 2520 pexuram)
356 2453 646 2522 οἶνδπωρκτος.
678 2458 714 2503 εἰ
744 2451 797 2503 δε
822 2449 899 2502 καὶ
919 2455 1085 2520 ὗποιρκ-
1168 2471 1352 2503 necesse
1370 2463 1503 2505 esset.
1527 2455 1658 2506 Idem
1690 2467 1939 2507 senserunt
1970 2456 2111 2508 Stoici
2145 2470 2193 2509 et

69 2537 172 2594 rnen*
208 2537 327 2588 οὐδὲν
360 2535 466 2606 πρὶς
510 2539 633 2600 ἧμέἱς
677 2534 866 2596 ἡγητέον
913 2533 975 2584 τοὶ
1007 2557 1086 2596 γι·
1169 2537 1488 2603 Tulliusipse,
1513 2556 1714 2604 quorum
1745 2557 1876 2589 sensa
1901 2540 2001 2590 fuse
2022 2539 2075 2591 S.
2091 2543 2189 2590 Au·

71 2619 244 2686 no'pierae3
260 2640 359 2682 seu,
378 2621 642 2669 Divinatio
660 2619 792 2667 nulla
806 2620 965 2682 e3t38i
977 2635 1085 2666 vero
1168 2621 1377 2685 gostinus
1405 2619 1606 2681 refellit,
1634 2619 1717 2668 De
1740 2622 1838 2670 civ.
1868 2619 1993 2681 Dei,
2027 2622 2114 2672 lib.
2137 2639 2187 2685 v,

70 2703 181 2752 talis
210 2713 355 2763 esset,
392 2719 579 2751 omnem
615 2718 672 2749 ea
700 2700 876 2748 tolleret
918 2699 1102 2749 volum.
1169 2720 1305 2768 capp.
1337 2699 1387 2763 8,
1422 2718 1474 2769 9,
1511 2719 1585 2751 10.
1631 2703 1770 2751 Cous.
1802 2703 1850 2752 S.
1882 2704 2055 2754 Thom.
2088 2706 2186 2755 loc.

69 2788 183 2835 tatis
218 2785 480 2833 libertatem
502 2801 524 2846 ,⁶
556 2781 689 2831 nihil
715 2782 779 2831 ad
808 2798 895 2830 noe
918 2783 1086 2830 emisti·
1169 2787 1250 2833 cit.
1279 2790 1366 2832 art.
1382 2780 1430 2831 6.
1453 2783 1514 2832 ad
1540 2800 1585 2843 1,
1613 2786 1695 2848 qui
1710 2784 1833 2833 hanc
1858 2783 2183 2835 difficultatem

72 2867 306 2915 mondum
347 2867 591 2932 pertinere
628 2881 732 2929 quoe
767 2864 914 2928 fiunt.
945 2863 1082 2928 Diog.
1168 2865 1258 2931 jam
1295 2875 1709 2930 praeoccupaverat.

75 2949 160 2997 lib.
209 2970 256 3009 x,
307 2949 459 3014 Segm.
515 2944 607 2997 ¹35
628 2986 641 3007 ‚
691 2947 798 2996 edit.
845 2946 1085 2994 Meibomii
1235 2948 1306 3011 (1)
1346 2946 1606 3011 Confutaz.
1627 2945 1736 2995 dell’
1749 2962 1906 2996 esame
1931 2949 2099 2997 critico
2114 2948 2196 2997 del

76 3029 327 3080 Amstelod.
363 3029 509 3097 1692.
549 3030 723 3078 Eadem
761 3030 983 3076 sententia
1011 3030 1086 3076 in·
1170 3029 1337 3092 siqnor
1355 3028 1473 3075 Nic.
1497 3026 1700 3089 Freret,
1716 3027 1764 3076 id
1790 3038 1886 3088 est,
1912 3029 2191 3095 Confutatio

77 3111 212 3159 haesit
225 3111 450 3162 Carneadi
470 3149 484 3172 ‚
512 3114 593 3178 qui
610 3111 732 3176 apud
753 3110 961 3158 Tullium
990 3111 1082 3158 loc.
1170 3110 1412 3157 examinis
1425 3110 1590 3157 critici
1600 3108 1799 3158 D.N2·0.
1816 3109 2004 3174 Freret,
2026 3111 2189 3160 Prefat.

79 3193 261 3254 cit.,Ne
278 3193 554 3259 Apollinem
567 3193 760 3258 quidem
772 3194 1090 3258 futuraposee
1172 3208 1272 3257 pag.
1310 3204 1414 3251 vm,
1443 3190 1555 3239 edit.
1588 3189 1729 3240 Rom.
1767 3189 1913 3258 1778.

80 3276 235 3324 dicere
247 3278 445 3341 putavit
467 3312 483 3341 ‚
518 3277 622 3324 ‘nisi
642 3293 727 3340 ea,
750 3292 951 3341 quorum
984 3290 1093 3322 cau·
1292 3264 1294 3266 ’

163 3711 281 3767 Τ.Ι.
1785 3704 1822 3759 6
