2554 4140
305 89 425 146 182
964 107 1031 142 nu

1076 105 1227 145 VERA
1271 107 1393 145 REI..
1444 108 1574 149 ADV·
1625 108 1776 146 Iucu.

298 252 605 336 peregrina
634 267 999 332 quaeounque
1026 251 1207 311 vetita
1243 262 1370 311 erat
1399 250 1600 331 religio
1623 296 1640 328 ‚
1679 272 1823 333 quas
1863 251 2106 334 quidem
2129 253 2284 335 leges
2322 277 2431 316 nec

301 349 552 409 Caesares
576 345 730 427 ipsos
756 345 1017 427 potuisse
1053 344 1384 408 convellere
1404 392 1419 422 .,
1453 358 1662 428 utpote
1687 347 1955 407 unanimi
1977 369 2266 410 consensu
2291 373 2435 412 con·

297 445 594 517 firmataS,
642 440 888 500 tradunt
941 443 1220 523 Origenes
1257 454 1316 503 et
1355 443 1749 502 Tertullianus
1797 445 1909 525 (l).
1953 444 2120 505 Tales
2155 457 2434 528 praeterea

298 539 461 598 fuere
489 537 644 618 leges
672 537 803 599 latae
836 537 1111 598 adversus
1142 539 1346 599 atheos
1378 551 1557 622 atque
1579 539 1906 617 maleficOS,
1931 541 1996 613 in
2028 563 2280 623 quorum
2308 563 2440 602 cen-

297 658 428 695 sum
462 635 780 694 Christiani
820 636 1038 717 passim
1083 635 1403 696 veniebant
1439 637 1550 716 (2)
1597 636 1750 696 Talis
1786 637 1893 695 fuit
1931 638 2028 696 lex
2065 638 2396 697 Neroniana
2420 684 2437 714 ,

300 738 463 812 cujus
498 732 771 791 meminit
804 734 1116 792 Suetonius
1145 734 1266 814 (3),
1302 735 1402 816 qui
1442 756 1911 794 commemorans
1939 757 2005 795 ea
2027 781 2042 810 ,
2081 756 2210 818 quae
2244 746 2444 796 censet

299 827 675 888 laudabiliter
708 851 741 888 a
774 831 1007 889 Nerone
1049 830 1403 903 constituta,
1440 830 1563 891 hoee
1599 830 1781 891 habet
1818 855 1831 890 :
1867 834 2094 911 Afflicti
2120 835 2444 913 suppliciis

307 925 684 1001 Christiani,
720 947 917 1005 glenus
956 926 1277 984 hominum
1313 913 1762 1005 superstitionis
1800 949 1967 987 novoe
2009 951 2083 987 ac
2119 930 2438 1008 maleficas,

304 1042 435 1104 quae
474 1042 784 1103 nunquam
821 1018 1097 1099 abrogata
1131 1031 1237 1079 est.
1266 1019 1432 1079 Tales
1476 1018 1730 1103 denique
1766 1023 1923 1103 leges
1959 1023 2444 1106 subsequentium

303 1121 770 1200 Imperatorum,
807 1137 940 1197 quae
978 1127 1069 1175 tot
1103 1126 1345 1197 tamque
1386 1116 1560 1176 variae
1596 1130 1803 1193 erant,
1839 1130 1908 1178 ut
1947 1121 2237 1180 Domitius
2264 1122 2447 1199 juris-

301 1211 605 1275 consultus
627 1212 948 1294 septimum
964 1210 1038 1272 de
1054 1210 1149 1270 his
1163 1198 1480 1271 confecerit
1492 1210 1715 1271 librum
1734 1214 1928 1292 Officii
1926 1223 2306 1295 proconsulis
2330 1216 2445 1297 (4),

303 1321 364 1370 et
389 1308 678 1391 Ulpianus
705 1329 896 1367 unum
924 1329 996 1367 ex
1028 1307 1212 1368 titulis
1234 1307 1445 1368 codicis
1473 1307 1672 1390 legum
1695 1309 2116 1392 imperialium.
2145 1311 2451 1395 Colligitur

301 1407 544 1489 insuper
570 1405 783 1487 ingens
821 1414 1152 1486 martyrum
1186 1402 1509 1465 multitudo
1536 1427 1610 1465 ex
1635 1405 1913 1488 apologiis
1943 1408 2261 1484 Quadrati,
2293 1408 2449 1467 Aris-

305 1641 428 1706 leges
458 1656 681 1688 romanas
698 1639 823 1688 hanc
843 1639 992 1704 legem
1020 1656 1117 1688 esse
1147 1639 1328 1688 voluit:

302 1724 578 1790 Separatim
615 1737 755 1770 nemo
785 1720 998 1769 habessit
1026 1720 1136 1769 deos
1155 1742 1174 1780 ;
1215 1738 1333 1770 neve

300 1821 475 1867 novos,
512 1805 598 1854 sed
623 1822 710 1854 nec
735 1804 948 1854 advenas
967 1841 982 1868 ,
1014 1806 1118 1853 nisi
1135 1804 1335 1870 publice

303 1888 543 1950 adscitos,
580 1887 789 1937 colunto.
821 1886 952 1953 Saepe
999 1890 1138 1936 etiam
1178 1887 1336 1936 Livius

305 1972 478 2022 harum
507 1974 665 2038 legum
695 1970 945 2031 meminit,
970 1973 1223 2036 praesertim
1246 1970 1335 2020 lib.

305 2071 375 2116 lx,
402 2073 451 2103 n.
476 2054 539 2103 30
564 2071 577 2117 3
606 2054 691 2102 lib.
717 2070 827 2115 xxv,
862 2072 912 2102 n.
942 2070 959 2101 1
989 2071 1003 2116 3
1032 2053 1120 2103 lib.
1147 2070 1298 2102 xxxix
1321 2091 1335 2115 ‚

309 2155 362 2185 n.
394 2134 469 2185 16.
494 2136 637 2186 Cous.
666 2136 853 2184 Lettres
874 2136 931 2200 de
957 2135 1180 2201 quelques
1200 2136 1339 2201 Juifis

308 2218 341 2267 ὰ
363 2216 439 2268 Μ.
460 2218 518 2267 de
544 2220 602 2266 V
596 2218 797 2280 oltaire,
830 2236 913 2284 par
932 2219 1001 2267 M.
1036 2218 1190 2267 l'abbe
1223 2218 1339 2268 Gue-

310 2304 399 2352 nee
422 2339 435 2363 ‚
452 2300 570 2351 edit.
591 2302 742 2368 Lyou,
778 2300 1267 2362 1822,tom.1‚1eu.
1286 2303 1337 2351 3.

382 2384 448 2448 (l)
486 2383 617 2449 Orig.
673 2384 757 2431 lib.
803 2400 820 2431 1
867 2383 1049 2434 Contra
1102 2383 1295 2432 Celsum
1317 2401 1339 2446 ;

313 2466 495 2517 Tertul.
537 2465 788 2532 Apoloqioe
816 2467 906 2515 loc.
943 2469 1025 2516 cit.

383 2550 451 2614 (2)
490 2548 551 2599 Ut
570 2559 694 2615 patet
722 2567 776 2597 ex
803 2549 1023 2615 apologiis
1051 2560 1336 2611 nostrorum,

313 2637 396 2702 qui
408 2651 589 2700 semper
602 2633 885 2700 cogebantur
894 2634 954 2682 ab
966 2644 1160 2700 utraque
1174 2633 1337 2682 atheis·

315 2721 380 2767 mi
393 2727 440 2767 et
453 2717 672 2767 maleficii
688 2718 1015 2766 criminatione
1032 2728 1211 2766 nostros
1228 2733 1340 2783 pur-

313 2817 442 2867 gare.
478 2801 578 2850 Hoc
619 2816 731 2851 vero
764 2803 964 2849 maxime
1000 2800 1339 2850 attendendum

312 2894 412 2945 est,
447 2901 557 2933 cum
588 2901 647 2934 ex
678 2901 734 2933 eo
765 2887 882 2933 ratio
908 2884 1161 2946 reddatur,
1195 2901 1340 2952 quare

312 2969 439 3019 lenta
458 2968 743 3034 quandoque
761 3006 774 3028 ‚
804 2969 883 3018 sed
904 2968 1130 3018 continua
1152 3006 1165 3027 ‚
1198 2968 1340 3017 simul

314 3051 458 3100 modo
487 3053 538 3098 in
573 3068 667 3099 uua
686 3086 703 3112 ,
735 3050 874 3099 modo
906 3054 957 3099 in
988 3051 1075 3100 alia
1102 3053 1339 3117 provincia

314 3137 531 3184 exarserit
564 3136 824 3200 persecutio
855 3150 1000 3201 usque
1023 3135 1084 3183 ad
1111 3134 1339 3183 Constan-

315 3221 490 3278 tinum,
509 3228 553 3266 et
570 3235 653 3266 cur
668 3217 1077 3283 videamus'plures
1098 3218 1340 3284 pertulisse

315 3302 589 3367 martyrium
640 3302 782 3348 etiam
823 3301 913 3348 sub
958 3303 1013 3348 iis
1046 3300 1341 3366 Imperatori-

312 3383 403 3434 bus
436 3422 449 3446 ‚
488 3386 568 3451 qui
609 3382 832 3431 favebant
868 3383 1006 3432 rebus
1052 3382 1339 3434 Christiano-

314 3485 421 3517 rum
440 3506 454 3529 ‚
474 3468 547 3517 vel
573 3466 729 3516 saltem
763 3482 840 3514 eos
870 3483 965 3514 nou
994 3468 1342 3533 persequeban-

314 3561 422 3613 tur,
463 3570 511 3600 ν.
542 3569 587 3616 g.
631 3550 720 3599 sub
751 3548 1010 3597 Commodo
1030 3588 1042 3607 ‚
1082 3551 1345 3601 Alexandro

312 3630 483 3683 Severo
503 3670 516 3697 ,
541 3644 739 3699 utroque
769 3632 982 3697 Philippo
1002 3663 1016 3683 ‚
1049 3644 1135 3682 etc.

1488 1639 1558 1707 (3)
1598 1640 1665 1688 De
1698 1659 1791 1708 qua
1825 1642 1922 1708 lege
1958 1644 2100 1691 etiam
2136 1643 2293 1710 aliqua
2338 1647 2449 1693 scri-

1418 1722 1540 1772 bunt
1564 1724 1766 1774 Tertull.
1799 1727 1851 1773 iu
1867 1723 2015 1791 Apol.
2040 1743 2083 1774 c.
2113 1742 2179 1789 ιη
2210 1725 2450 1792 Sulpicius

1421 1807 1528 1858 Sev.
1563 1805 1733 1858 Sacroe
1761 1807 2028 1867 Historiae,
2052 1809 2138 1857 lib.
2160 1824 2195 1857 11
2216 1848 2229 1868 ,
2250 1810 2332 1858 ubi
2355 1828 2454 1865 me-

1423 1891 1573 1934 morat
1609 1884 1729 1951 ques
1782 1885 1920 1933 datas
1963 1904 1989 1933 a
2032 1883 2214 1934 Nerone
2245 1924 2258 1944 ‚
2312 1896 2453 1953 atque

1422 1969 1579 2017 edicta
1600 1970 1849 2036 proposita
1865 1989 1886 2029 ,·
1910 1979 1956 2018 et
1984 1967 2172 2018 Orosius
2189 2008 2207 2030 ,
2225 1969 2313 2019 lib.
2342 1987 2410 2019 vn
2434 2008 2449 2031 ,

1425 2069 1469 2100 c.
1502 2049 1554 2101 5.
1597 2052 1703 2101 Huc
1737 2052 2004 2101 referuntur
2033 2055 2203 2118 pariter
2234 2054 2457 2119 rescripta

1426 2134 1616 2198 Trajani
1655 2145 1699 2183 et
1730 2135 1989 2196 Hadriani,
2024 2135 2198 2202 quibus
2228 2135 2450 2200 prohibe-

1424 2217 1561 2265 batur
1588 2218 1779 2283 quidem
1804 2253 1819 2278 ,
1853 2235 1913 2266 ne
1954 2216 2207 2265 Christiani
2236 2218 2456 2283 inquire-

1424 2309 1625 2359 remur,
1659 2300 1739 2348 sed
1770 2310 1927 2349 tamen
1950 2301 2281 2365 punirentur,
2314 2301 2351 2348 si
2378 2316 2455 2348 ae-

1425 2385 1573 2431 cusati
1614 2383 1814 2449 juridice
1855 2394 2086 2432 constaret
2144 2383 2202 2432 de
2247 2386 2456 2448 ipsorum

1430 2466 1718 2531 professione
1737 2504 1750 2527 ,
1784 2468 1836 2515 in
1862 2484 2010 2532 eaque
2041 2470 2359 2533 persisterent.
2384 2465 2457 2515 En

1427 2547 1570 2597 verba
1605 2547 1797 2616 Trajani
1820 2566 1834 2597 ε
1866 2549 2206 2615 Conquirendi
2228 2565 2329 2597 non
2343 2556 2459 2597 sunt

1428 2629 1828 2695 (Christiaui);si
1857 2632 2139 2697 deferantur
2170 2640 2215 2679 et
2232 2647 2453 2697 arquan-

1422 2721 1505 2761 tur
1523 2750 1537 2773 ,
1547 2713 1803 2779 puniendi
1826 2723 1940 2762 sune
1959 2752 1971 2774 ,
1991 2715 2062 2762 ita
2089 2722 2250 2761 tamen
2264 2753 2281 2775 ,
2301 2720 2355 2760 ut
2369 2714 2460 2778 qui

1423 2799 1672 2862 nequ-verit
1700 2815 1748 2846 se
1773 2797 2114 2846 Christianum
2142 2813 2241 2845 esse
2259 2834 2273 2857 ‚
2309 2795 2455 2862 idque

1423 2883 1586 2947 reipsa
1613 2881 1926 2947 manifestum
1938 2882 2135 2946 fecerit,
2149 2879 2206 2929 id
2218 2887 2286 2928 est
2305 2918 2317 2940 ‚
2335 2897 2452 2946 sup-

1416 2964 1651 3030 plicando
1666 2964 1767 3013 diis
1781 2953 1959 3013 nostris
1977 3002 1990 3024 ‚
2010 2964 2234 3029 quamvis
2255 2979 2451 3029 suspec-

1424 3057 1501 3097 tus
1533 3051 1591 3097 in
1611 3050 1917 3115 pra-teritum
1940 3038 2128 3112 suerit,
2161 3049 2357 3096 veniam
2394 3061 2455 3095 ex

1420 3134 1711 3201 poenitentia
1744 3132 1965 3198 impetret
1997 3130 2189 3198 (Epist.
2235 3127 2304 3198 98
2335 3132 2457 3178 iuter

1426 3217 1660 3265 Plinianas
1688 3250 1703 3273 ,
1733 3213 1819 3263 lib.
1855 3215 1937 3278 x).
1966 3214 2069 3280 Quo
2099 3215 2285 3263 factum
2316 3220 2456 3260 estut

1425 3301 1735 3365 amplissimus
1768 3297 1920 3346 aditus
1955 3297 2202 3362 malignis,
2231 3295 2450 3353 invidiis,

1426 3394 1517 3433 etc.
1536 3382 1791 3447 aperiretur
1806 3382 2023 3429 saeviendi
2045 3382 2095 3429 in
2110 3379 2413 3429 Christianos.

1497 3465 1562 3529 (h)
1590 3464 1723 3530 Apud
1741 3463 2037 3514 Lactantium
2059 3503 2071 3526 ,
2094 3460 2262 3512 Instie.
2289 3459 2376 3510 lib.
2399 3477 2449 3519 v,

1426 3569 1529 3617 Gap.
1572 3567 1631 3597 xi.
