2554 4140
252 113 371 174 362

881 140 953 175 ΒΕ
997 138 1148 177 VERA
1191 138 1313 178 REL.
1373 142 1508 183 Anv.
1554 144 1755 188 HETER.

1077 301 1571 373 CONCLUSIO·

334 490 475 548 329.
526 490 611 548 Ex
642 490 741 563 iis,
770 510 899 571 quae
924 490 1227 573 hucusque
1253 490 1630 551 disseruimus
1650 538 1666 568 ,
1695 515 1953 575 pronum
1991 507 2081 554 est
2121 496 2398 578 colligere

249 596 444 645 totum
482 579 812 646 christianae
845 585 1136 667 religionis
1170 599 1420 668 systema
1455 588 1518 646 in
1556 590 1902 649 auctoritate
1937 590 2194 651 fundari.
2243 596 2397 654 Deus

251 682 413 742 enim
450 682 531 741 ita
574 681 893 764 disposuit,
931 693 998 742 ut
1036 682 1215 742 homo
1238 728 1253 757 .‚
1289 684 1389 764 qui
1429 683 1712 744 limitibus
1752 686 2224 768 circumscriptus
2262 701 2350 749 est
2378 736 2394 761 ,

250 799 317 837 ac
343 779 527 838 errori
558 777 844 838 obnoxius
865 825 881 854 ,
921 780 1211 838 rationem
1252 800 1418 838 suam
1451 780 1767 859 suinceret
1799 784 1979 864 ipsius
2024 785 2394 861 auctoritati3

250 895 434 956 quare
468 897 588 935 non
632 886 944 935 contentus
988 874 1257 934 revelare
1301 874 1580 935 veritates
1613 921 1629 951 ,
1667 893 1806 959 *quae
1849 881 2005 938 intra
2050 881 2289 939 rationis
2333 902 2399 940 ac

254 983 482 1031 naturae
528 972 674 1030 fines
736 973 1121 1030 continentur
1148 1015 1164 1043 .,
1220 967 1508 1029 revelavit
1561 985 1842 1052 praeterea
1901 978 2177 1036 veritates
2199 1023 2215 1054 ,
2272 999 2407 1058 quae-

252 1066 532 1128 humanae
555 1068 771 1126 mentis
795 1066 977 1125 aciem
1006 1077 1184 1147 atque
1213 1063 1492 1123 obtutum
1513 1080 1794 1147 superant
1812 1115 1828 1139 ,
1855 1082 1924 1128 ut
1945 1071 2122 1131 homo
2152 1074 2404 1133 disceret

252 1184 471 1222 munus
500 1162 612 1221 sibi
634 1162 976 1221 incumbere
1004 1160 1354 1243 subiiciendi
1382 1161 1686 1243 propriam
1712 1164 2004 1228 rationem
2034 1168 2097 1249 in
2124 1169 2195 1227 iis
2216 1215 2232 1243 ,
2270 1192 2402 1250 quae

254 1258 329 1317 ad
367 1259 546 1318 fidem
587 1279 653 1317 ac
695 1258 1040 1338 religionem
1087 1259 1426 1340 pertinent,
1472 1269 1649 1340 atque
1696 1261 1885 1318 Deum
1927 1263 2195 1323 statuisse
2228 1287 2402 1323 mun·

254 1353 398 1413 dum
432 1354 660 1415 salvare
685 1377 792 1437 per
824 1354 1027 1415 fidem.
1147 1347 1153 1355 ⁵

338 1452 478 1512 330.
526 1454 726 1511 Donec
751 1453 984 1512 veniret
1017 1450 1329 1534 plenitudo
1353 1451 1635 1533 temporis
1655 1497 1671 1527 ,
1712 1450 2179 1511 extraordinaria
2208 1456 2402 1535 provi-

253 1549 492 1624 dentia,
542 1560 609 1609 ut
646 1549 936 1625 vidimuS,
982 1550 1233 1631 ipsemet
1270 1548 1575 1630 prospexit
1609 1547 1987 1607 revelationis
2027 1569 2142 1608 suae
2176 1549 2406 1609 incolu-

196 1696 199 1700 .
254 1646 448 1704 mitati
476 1657 653 1728 atque
676 1647 1006 1728 integri-tati
1031 1647 1055 1725 (
1068 1647 1144 1727 l).
1174 1647 1252 1705 At
1274 1665 1408 1703 cum
1430 1645 1588 1703 misit
1616 1644 1825 1703 Filium
1846 1667 2018 1704 suum
2040 1645 2115 1704 ad
2138 1645 2405 1706 homines

255 1742 641 1806 retrahendos
682 1743 755 1812 ab
792 1743 907 1802 illis
935 1742 1278 1824 ignorantiae
1322 1740 1623 1817 tenebriS,
1671 1741 1883 1825 quibus
1926 1743 2038 1824 ipsi
2081 1764 2183 1801 sua
2227 1743 2400 1825 culpa

256 1838 757 1919 obvolvebantur,
783 1852 987 1923 utpote
1013 1839 1182 1899 obliti
1209 1861 1419 1921 magna
1449 1837 1663 1898 saltem
1691 1860 1763 1898 ex
1790 1850 1960 1921 parte
1982 1838 2218 1897 illarum
2248 1841 2405 1901 veri-

258 1945 486 2014 tatum,
542 1960 684 2020 quas
711 1938 948 2016 jamdiu
991 1940 1149 1998 Deus
1192 1937 1328 2021 ipsis
1372 1936 1764 2018 patefecerat,
1811 1947 1984 2018 atque
2025 1934 2102 1995 ad
2143 1935 2405 1996 dandam

251 2031 370 2092 illis
397 2034 726 2117 pleniorem
752 2037 840 2094 sui
872 2035 1266 2116 cognitionem
1286 2080 1303 2108 ,
1344 2033 1651 2102 constituit
1671 2078 1687 2109 ,
1733 2043 1800 2091 ut
1832 2031 2152 2092 haberetur
2186 2034 2405 2112 magis-

329 2258 400 2323 (l)
438 2259 582 2307 Prout
609 2259 777 2307 fatetur
795 2260 891 2324 ipse
923 2257 1281 2315 Limborchius,

259 2343 344 2390 etsi
357 2340 652 2402 SocinianuS,
674 2345 723 2389 in
743 2360 824 2389 sua
838 2341 1017 2389 Amica
1034 2341 1284 2389 collatione

233 2428 372 2472 'cum
418 2424 605 2472 erudito
649 2423 851 2484 Judaeo,
881 2439 1048 2488 nempe
1088 2422 1282 2470 Orobio.

262 2507 385 2555 Cum
422 2510 547 2555 enim
591 2506 792 2555 Orobius
842 2509 892 2554 in
936 2509 1069 2554 tertio
1116 2508 1283 2570 scripto

263 2590 506 2656 objecisset
535 2608 548 2638 τ
576 2590 847 2655 Nunquam
890 2597 957 2637 tot
984 2588 1285 2654 difficultati-

263 2674 353 2721 bus
384 2711 396 2733 ,
448 2673 612 2720 dubiis
657 2681 700 2720 et
744 2672 896 2720 variis
948 2669 1326 2735 intelliqentiis'

264 2756 527 2804 obnoxium
568 2755 727 2820 fuisse
769 2754 968 2802 verbum
1004 2754 1107 2802 Dei
1140 2761 1287 2818 qaam

261 2839 351 2886 sub
389 2837 698 2904 Evanqelz'03
733 2839 788 2885 in
822 2835 1051 2887 Ecclesia
1086 2835 1287 2885 Israelis

262 2922 427 2970 mullas
447 2931 626 2970 enatas'
643 2930 792 2969 sectas
812 2959 824 2980 ,
863 2922 969 2967 nisi
982 2923 1096 2986 jam
1123 2919 1287 2985 depra-

271 3014 379 3054 vato
410 3004 582 3053 soeculo
601 3043 614 3065 ‚
654 3014 697 3053 et
720 3004 777 3052 de
807 3003 948 3051 rebus
969 3003 1034 3050 ad
1065 3003 1181 3067 leyis
1211 3019 1285 3050 es-

265 3091 469 3137 sentiam
499 3106 597 3137 non
626 3087 1011 3154 pertinentibus;
1042 3086 1290 3151 respondet

265 3172 593 3220 Limborchius
620 3173 679 3220 ad
710 3172 832 3219 istud
852 3170 1112 3219 secundum
1141 3186 1288 3234 punc-

266 3265 365 3302 tum
407 3272 420 3301 ε
464 3254 609 3320 Quod
643 3253 861 3302 Ecclesia
915 3252 1186 3300 israelitica
1235 3252 1291 3298 in

260 3338 514 3405 principio
560 3339 714 3384 variis
751 3338 1075 3404 opinionibus
1108 3337 1294 3400 aqz’tata

267 3437 368 3467 non
389 3419 543 3484 fuerit
566 3458 579 3477 ‚
605 3436 753 3466 cau-sa
765 3420 869 3483 fuit
898 3420 1065 3468 crebra
1087 3417 1294 3484 prophe-

268 3513 428 3551 tarum
445 3539 461 3565 ,
495 3504 584 3567 qui
625 3504 804 3567 spirita
831 3502 999 3550 divino
1031 3517 1294 3550 commove-

270 3578 451 3633 bantur
471 3623 486 3642 ‚
511 3585 815 3651 frequentia,
852 3603 1058 3650 quorum
1086 3584 1301 3633 auctori-

207 3692 213 3698 ·
271 3669 414 3716 tatem
434 3686 596 3717 omnes
609 3670 824 3733 excipere
854 3667 1137 3716 tenebantur
1169 3670 1300 3731 (cap.

1369 2275 1435 2320 lv,
1463 2275 1583 2323 resp.
1618 2258 1677 2306 ad
1707 2259 1894 2306 tertium
1929 2257 2083 2306 Judaei
2119 2259 2343 2323 scriptum
2364 2257 2400 2318 ).

1369 2340 1490 2403 Ergo
1511 2379 1523 2401 ,
1557 2340 1724 2405 colligo
1749 2378 1762 2400 ,
1785 2340 2031 2388 auctoritas
2051 2350 2095 2388 et
2114 2341 2306 2406 quidem
2334 2340 2405 2388 di-

1369 2427 1476 2470 vina
1523 2425 1778 2470 necessaria
1817 2435 1886 2470 est
1934 2424 1989 2470 ad
2035 2426 2261 2471 unitatem
2309 2441 2404 2471 ser-

1369 2505 1571 2553 vandam
1604 2542 1617 2564 ,
1666 2505 1878 2570 alioquin
1924 2505 2172 2552 hominum
2210 2507 2394 2570 ingenia

1369 2586 1611 2634 diffluunt.
1667 2585 1832 2651 Quoad
1888 2587 2195 2634 dissensiones
2245 2597 2406 2634 enatas

1372 2679 1478 2734 post
1495 2668 1822 2732 Evangelium,
1841 2668 1974 2716 facilc
1996 2669 2154 2716 fuisset
2169 2668 2407 2716 Catholico

1369 2752 1642 2817 respondere
1662 2790 1674 2811 ‚
1697 2755 1817 2815 ipsas
1840 2769 1937 2799 non
1955 2767 2009 2799 ex
2029 2751 2290 2816 Evangelio
2307 2754 2408 2816 ipso

1371 2837 1609 2884 emersisse
1621 2835 1700 2882 scd
1716 2852 1770 2882 ex
1784 2837 2069 2899 privatorum
2090 2832 2410 2899 perduellione

1371 2919 1430 2967 ab
1460 2919 1541 2966 illa
1569 2920 1871 2979 auctoritate,
1902 2932 2005 2982 quae
2035 2918 2262 2964 divinitus
2294 2933 2409 2963 con-

1372 3005 1530 3050 stituta
1564 3011 1632 3048 est
1670 3001 1855 3065 abipso
1889 2999 2127 3063 Evangelii
2180 3010 2367 3047 auctore
2388 3033 2405 3059 ‚

1372 3095 1541 3149 nempe
1567 3083 1772 3132 Ecclesia
1790 3082 2038 3131 catholica.
2068 3080 2127 3128 At
2155 3081 2409 3129 Sociniano

1373 3169 1555 3215 homini
1582 3166 1677 3215 alia
1696 3168 1769 3214 via
1795 3166 2002 3213 ineunda
2034 3174 2134 3211 erat
2157 3201 2170 3223 ,
2204 3180 2307 3230 quae
2336 3179 2411 3210 sa-

1377 3251 1614 3299 tisfacere
1648 3250 2003 3314 expostulationi
2065 3247 2217 3295 Judaei
2274 3246 2405 3294 nullo

1378 3334 1518 3381 modo
1537 3335 1702 3398 potest',
1733 3340 1785 3378 ut
1814 3332 1983 3396 legenti
2012 3330 2242 3396 ejusmodi
2286 3329 2407 3378 effu-

1379 3420 1449 3483 gia
1467 3452 1482 3476 ‚
1502 3432 1605 3483 quae
1623 3416 1699 3462 hic
1718 3415 1859 3463 habet
1880 3413 2204 3461 Limborcbius
2227 3450 2239 3471 ,
2258 3418 2407 3476 patet3

1381 3516 1535 3566 neque
1583 3498 1747 3545 melius
1784 3536 1797 3558 ,
1846 3508 1895 3545 ut
1940 3514 2075 3561 supra
2119 3498 2364 3542 innuimus
2391 3529 2403 3550 ‚

1385 3585 1497 3631 huic
1538 3584 1622 3646 ipsi
1669 3581 1932 3629 difficultati
1986 3581 2186 3627 occurrit
2228 3577 2407 3624 Grotius

1391 3674 1670 3731 protestans.
