2554 4140
313 129 387 188 36
973 149 1042 185 ne
1087 148 1235 188 VERA
1279 151 1403 187 REL.
1455 151 1588 188 Anv.
1642 152 1790 191 mun.
1870 190 1872 192 ,

315 296 676 380 perceperit,
719 293 814 354 vel
860 293 1208 374 cogitatione
1249 317 1315 355 ac
1357 296 1744 363 meditatione
1800 302 2121 380 repererit,
2179 304 2446 385 proxime

312 392 551 474 quidem
585 387 661 448 ad
694 408 927 448 causam
952 389 1210 472 aliquam
1242 391 1304 449 in
1341 391 1568 450 mundo
1597 391 1864 451 sensibus
1897 392 2070 454 obvio
2101 397 2196 459 vel
2221 398 2296 458 ad
2325 401 2445 458 ori-

314 487 475 566 gines
500 485 563 542 in
590 484 714 565 ipsa
750 496 951 544 mente
987 485 1241 545 latentes
1268 487 1488 547 referre
1508 489 1766 567 cogitur3
1796 488 2047 570 ideoque
2076 492 2265 553 stultae
2294 506 2447 555 esset

312 579 697 659 arrogantiae7
741 581 788 638 si
821 601 1056 640 causam
1104 592 1352 641 eventus
1396 584 1459 641 in
1498 605 1699 643 rerum
1748 596 1959 644 natura
2005 585 2298 650 observati
2344 600 2446 650 aut

307 675 557 755 origines
597 696 750 736 verae
780 675 1074 756 religionis
1112 678 1270 737 inter
1307 677 1578 738 homines
1610 679 1993 762 deprehensae
2017 682 2080 740 in
2110 684 2316 743 animae
2355 684 2446 744 fa-

306 768 618 829 cultatibus
647 771 981 830 reconditas
1016 793 1136 830 non
1179 772 1379 830 statim
1410 777 1780 855 perspexerit
1801 821 1816 850 ,
1846 798 1941 835 eas
1966 799 2205 858 prorsus
2229 801 2445 859 negare

303 865 455 927 velle
475 911 491 941 .,
523 877 583 926 et
605 865 1117 948 supernaturalem
1142 887 1207 925 ac
1237 867 1655 928 miraculosum
1682 882 1967 932 eventum
1993 873 2211 952 fingere
2234 919 2248 948 .,
2283 879 2444 953 cujus

302 972 460 1021 certa
501 960 773 1043 quaedam
810 972 952 1020 nota
997 961 1394 1020 demonstrari
1432 964 1677 1023 omnino
1727 968 1953 1047 nequit.
2000 968 2059 1026 Si
2108 971 2208 1050 qui
2243 981 2443 1029 autem

302 1067 444 1116 sunt
466 1101 483 1132 ‚
510 1058 611 1139 qui
635 1060 1306 1136 supernaturalismum
1320 1101 1341 1129 ,
1371 1069 1438 1115 ut
1463 1071 1676 1119 vocant
1697 1105 1714 1135 ,
1738 1062 2100 1122 rationalem
2122 1065 2288 1138 tuiti,
2311 1065 2440 1125 reli-

300 1153 536 1234 gionem
576 1152 959 1211 christianam
994 1154 1210 1212 rationi
1245 1174 1482 1234 prorsus
1524 1156 1839 1215 convenire
1876 1170 2190 1232 censeant,
2220 1160 2441 1220 nihilo-

297 1250 494 1309 minus
527 1260 730 1309 tamen
773 1247 1045 1308 eamdem
1090 1248 1522 1330 supernaturali
1561 1249 1737 1309 modo
1779 1251 2102 1312 revelatam
2142 1276 2267 1315 esse
2297 1277 2440 1315 con·

299 1345 554 1405 tendant
575 1390 592 1420 ‚
619 1345 659 1402 ii
673 1344 827 1424 leges
843 1343 1135 1423 cogitandi
1152 1367 1183 1403 a
1199 1346 1321 1404 Deo
1336 1345 1462 1425 ipso
1478 1344 1706 1404 homini
1722 1345 1887 1405 datas
1903 1349 2438 1428 transgrediuntur3

298 1462 439 1500 nam
472 1462 842 1522 quaecunque
877 1440 1170 1521 religionis
1196 1439 1463 1499 doctrina
1492 1442 1680 1499 menti
1718 1441 1991 1501 humanae
2026 1443 2238 1503 dicitur
2263 1444 2443 1527 plane

297 1539 653 1611 convenire,
706 1558 773 1596 ea
817 1558 887 1595 ex
928 1536 1038 1595 hac
1076 1537 1201 1618 ipsa
1241 1536 1319 1595 ad
1362 1535 1516 1615 leges
1565 1536 1829 1614 ejusdem
1869 1539 2304 1600 accommodate
2351 1562 2442 1601 re-

297 1645 537 1716 petatur
583 1653 820 1692 necesse
862 1643 969 1692 est.
1014 1631 1074 1690 4⁰
1118 1633 1315 1705 Quum
1351 1631 1551 1713 plures
1604 1631 1899 1712 religionis
1947 1632 2229 1694 doctrinae
2255 1680 2272 1711 ,
2314 1656 2438 1718 quae

294 1729 470 1811 vulgo
495 1733 773 1810 posz’tz'voe
802 1727 1115 1800 dicuntur7
1148 1726 1523 1788 revelationis
1555 1725 1772 1790 divinae
1807 1732 2046 1810 ejusque
2088 1741 2441 1812 supernatu-

297 1824 432 1883 ralis
465 1846 531 1883 ac
576 1823 938 1882 miraculosae
969 1822 1318 1902 dignitatem
1356 1821 1467 1880 sihi
1508 1823 1913 1904 arrogaverint
1939 1869 1955 1899 ,
1987 1825 2096 1883 nisi
2133 1828 2260 1907 quis
2287 1848 2436 1887 caeco

295 1920 553 2002 quodam
599 1919 841 1979 arbitrio
890 1918 1135 1980 alteram
1177 1918 1345 1978 alteri
1393 1918 1671 1999 praeferre
1724 1918 1870 1980 velit
1896 1965 1913 1995 ,
1969 1919 2134 1980 nulla
2180 1922 2292 1982 alia
2343 1935 2433 1984 est

291 2019 441 2076 ratio
479 2029 538 2076 et
569 2018 662 2078 via
697 2038 791 2075 eas
829 2014 1245 2090 examinandi,
1298 2035 1478 2095 quam
1517 2026 1582 2072 ut
1626 2014 1863 2075 illarum
1893 2014 2109 2098 placita
2149 2039 2285 2078 cum
2321 2019 2390 2077 iis
2419 2067 2435 2095 ,

294 2134 426 2194 quae
461 2112 554 2172 via
596 2111 850 2169 naturali
895 2122 1068 2170 rectae
1108 2110 1354 2168 rationis
1400 2108 1474 2167 de
1519 2111 1642 2167 Deo
1687 2111 1932 2190 ejusque
1974 2110 2279 2172 voluntate
2324 2114 2439 2195 ipsi

292 2208 661 2267 innotuerint
683 2253 698 2283 .,
740 2206 1050 2286 diligenter
1080 2215 1395 2286 componat
1429 2215 1489 2263 et
1514 2204 1590 2263 ad
1616 2204 1770 2264 hanc
1806 2227 2079 2264 normam
2115 2207 2241 2266 sine
2274 2210 2436 2267 omni

293 2304 708 2387 superstitione
733 2303 943 2382 exigat.
983 2303 1136 2361 Nam
1173 2301 1274 2383 qui
1310 2300 1420 2359 hac
1465 2322 1673 2359 norma
1711 2300 2175 2383 inexploranda
2213 2303 2436 2384 religio-

291 2401 384 2459 nis
410 2445 426 2475 ,
474 2421 605 2482 quae
630 2397 1139 2481 supernaturalem
1164 2419 1223 2456 se
1255 2397 1565 2478 profitetur
1588 2442 1603 2471 ,
1651 2397 1899 2457 veritate
1939 2398 2026 2456 uti
2059 2398 2349 2475 noluerit,
2383 2401 2436 2460 ei

292 2496 622 2557 verendum
657 2506 843 2570 esset7
883 2517 997 2570 ne,
1044 2495 1092 2553 si
1125 2493 1278 2552 forte
1323 2492 1553 2551 daemon
1599 2492 1810 2575 aliquis
1853 2505 1954 2551 aut
1996 2493 2175 2553 homo
2222 2497 2435 2555 se·Dei

289 2592 546 2673 legatum
578 2593 955 2674 profiteretur
982 2636 997 2665 a
1035 2600 1212 2671 atque
1255 2588 1395 2647 falsa
1436 2600 1536 2647 aut
1576 2587 1730 2647 mala
1761 2611 1871 2671 pro
1903 2589 2052 2650 veris
2085 2602 2143 2649 et
2173 2590 2433 2650 honestis

290 2688 599 2749 venditare
627 2687 870 2747 auderet
888 2735 903 2765 ᾖ
932 2686 1148 2769 placita
1184 2706 1415 2744 summo
1442 2685 1689 2745 numine
1720 2685 2124 2765 indignissima
2148 2697 2432 2768 tanquam

290 2784 364 2844 ab
390 2786 517 2866 ipso
542 2783 801 2844 revelata
824 2783 935 2842 sibi
958 2781 1444 2843 obtruderentur.
1481 2783 1634 2854 Quot
1662 2781 1818 2841 mala
1847 2782 2101 2842 facinora
2125 2829 2141 2858 7
2168 2783 2431 2863 neglecta

287 2881 531 2939 rationis
566 2879 792 2939 cultura
814 2925 831 2954 a
871 2878 1123 2938 obtentu
1159 2877 1420 2937 numinis
1453 2925 1468 2953 7
1514 2889 1572 2936 et
1599 2877 1976 2939 revelationis
2025 2879 2241 2938 divinae
2273 2878 2429 2938 inter

286 2975 558 3036 homines
602 2987 836 3058 patrata
892 2962 1046 3049 sint{
1103 2974 1344 3033 historia
1391 2975 1655 3053 gentium
1694 2973 1931 3034 abunde
1969 2973 2157 3034 docet.
2206 2973 2272 3030 50
2315 2974 2425 3032 Ac-

289 3071 443 3131 cedit
464 3118 479 3147 ,
519 3070 676 3153 quod
713 3070 956 3129 omnino
991 3069 1155 3128 nulla
1198 3068 1514 3144 revelatiO,
1560 3090 1686 3151 quae
1728 3071 1874 3128 sicut
1907 3069 2148 3128 historia
2181 3068 2429 3129 aliorum

289 3168 639 3227 testimoniis
688 3167 932 3240 nititur,
986 3176 1109 3225 tam
1155 3176 1374 3225 certam
1415 3177 1611 3247 potest
1647 3164 1816 3224 nobis
1855 3166 2292 3246 persuasionem
2341 3165 2429 3224 af—
2504 3159 2507 3163 ’

288 3263 440 3323 ferre
468 3308 486 3339 .,
531 3285 711 3344 quam
740 3283 866 3344 quae
901 3283 973 3322 ex
1009 3262 1236 3320 ratione
1270 3262 1657 3343 proficiscitur
1687 3307 1702 3336 .,
1741 3265 1902 3339 cujus
1940 3260 2171 3320 decreta
2201 3261 2429 3319 homini

288 3381 390 3418 sua
428 3359 609 3441 ipsius
649 3358 999 3417 conscientia
1027 3359 1427 3417 innotescunt.
1467 3359 1593 3430 Quo
1633 3357 1813 3437 magis
1859 3368 2057 3417 autem
2095 3356 2294 3436 religio
2331 3356 2427 3414 in·-

293 3456 449 3515 timae
484 3454 761 3514 humanae
804 3455 1020 3513 mentis
1066 3453 1435 3513 conscientiae
1468 3453 1643 3511 insita
1680 3452 1854 3511 fuerit
1895 3464 2071 3534 atque
2102 3454 2384 3533 impressa
2408 3497 2422 3526 ⁷

289 3572 356 3610 eo
402 3552 614 3611 certius
663 3550 841 3609 homo
884 3549 1209 3609 beneficam
1254 3554 1376 3628 ejus
1434 3551 1555 3609 vim
1606 3549 1667 3606 in
1721 3548 1892 3608 variis
1956 3550 2092 3609 vitae
2149 3547 2422 3605 humanae

290 3646 790 3707 vicissitudinibus
842 3647 1195 3728 experietur.
1234 3647 1298 3704 60
1335 3647 1599 3728 Denique
1648 3656 2063 3725 argumentum
2117 3642 2423 3725 speciosis-
