2554 4140
754 92 911 129 paor.
960 92 1035 130 iv.
1076 93 1144 127 nn
1188 92 1339 130 neci..
1387 91 1574 129 nora.
2092 70 2211 129 247

113 253 221 292 nec
249 231 372 290 fieri
393 253 653 313 unquam
684 242 910 313 potest,
939 245 1036 308 ut,
1067 214 1202 291 cuni
1238 232 1445 291 Petrus
1478 253 1582 292 seu
1618 234 1912 292 Romanus
1942 232 2209 293 Pontifex

111 328 347 409 proprio
366 327 687 386 ministerio
699 327 988 407 fungitur,
1017 324 1265 385 Eeclesia
1282 345 1390 405 per
1403 326 1598 406 ipsum
1611 329 1746 386 etin
1764 329 1891 411 ipso
1912 349 2033 388 non
2056 340 2211 408 agat,

110 443 231 479 non
259 421 525 494 definiat⁷
567 432 676 479 etc.
713 422 810 480 Est
840 422 1000 480 enim
1021 428 1198 499 eaput
1220 460 1243 490 ,
1268 429 1328 475 et
1356 419 1599 498 quidem
1630 423 1831 483 vivum
1853 435 1914 483 et
1946 443 2214 504 operans-

112 515 262 574 Talis
291 523 379 575 es't
407 527 606 575 autem
627 516 775 595 ratio
790 559 808 589 ‚
835 529 1014 595 qnare
1035 511 1341 572 videamus
1359 511 1661 574 Christum
1683 519 1859 576 Petro
1875 517 2118 579 seorsim
2146 539 2216 578 ω

112 610 306 669 omnia
338 609 685 684 contulisse,
713 627 846 689 quo
869 606 981 664 toti
1005 616 1207 686 postea
1236 604 1489 664 contulit
1507 606 1746 688 collegio
1774 632 1812 668 a
1999 613 2085 671 ieo
2107 633 2214 672 seu

112 704 401 778 Ecclesiae,
447 723 574 785 quae
610 704 850 782 insuper
877 698 1055 759 debet
1088 700 1208 779 regi
1226 745 1243 773 .,
1291 701 1539 776 moveri,
1572 701 1746 781 dirigi
1780 725 1818 762 a
1849 706 2066 786 capite,
2104 726 2217 767 nee

112 797 408 879 quidpiam
433 807 625 878 potest
649 792 1120 875 independenter
1150 793 1224 852 ab
1261 795 1411 876 ipso.
2257 852 2262 857 .

190 892 287 950 92.
333 890 422 950 Ad
440 891 525 949 2¹¹¹
541 934 559 962 ,
588 889 740 968 Neq.
770 887 1015 947 Ecclesia
1033 889 1193 947 enim
1210 908 1279 948 ea
1295 909 1529 971 semper
1546 900 1612 947 ut
1632 887 1895 948 absoluta
1922 891 2212 952 intellexit

108 996 167 1044 et
206 983 431 1043 habuit.
479 983 646 1053 Addo
699 982 982 1061 ejusmodi
1038 983 1440 1065 exceptionem
1496 984 1723 1044 aditum
1775 986 1997 1066 aperire
2053 992 2215 1048 omni

106 1076 523 1159 perduellioni3
568 1076 813 1160 quilibet
855 1078 1013 1136 enim
1054 1077 1358 1138 haereticus
1404 1089 1464 1137 et
1506 1090 1822 1137 contumax
1863 1093 2058 1160 posset
2099 1080 2210 1140 hoc

105 1172 277 1232 modo
320 1172 554 1232 eludere
596 1194 1006 1253 quamcunque
1048 1172 1307 1232 Ecclesiae
1349 1171 1771 1232 definitionem.

184 1267 282 1326 93.
329 1266 418 1326 Ad
440 1265 525 1326 3ΠΙ
542 1312 559 1341 ,
589 1269 750 1328 Diae.
778 1269 850 1326 Et
872 1265 999 1325 haec
1022 1265 1203 1326 verba
1228 1264 1606 1346 intelligenda
1634 1276 1774 1326 sunt
1793 1266 1868 1326 de
1888 1267 2212 1330 defectione

104 1361 334 1443 partiali
360 1360 797 1440 particularium
837 1359 1242 1420 membrorum
1261 1406 1278 1435 ,
1322 1371 1542 1428 eruum
1579 1359 1654 1420 de
1689 1358 2011 1422 defectione
2048 1363 2213 1423 totali

102 1457 280 1537 ipsius
311 1455 571 1515 Ecclesiae
590 1501 607 1529 .,
655 1476 780 1536 neq.
814 1455 1266 1513 Transmisimus
1296 1455 1558 1536 primurn
1603 1455 1936 1516 membrum
1973 1469 2210 1535 antece-

105 1550 297 1610 dentis
320 1594 338 1625 .,
386 1571 455 1610 eo
477 1549 636 1631 quod
659 1572 780 1609 non
809 1549 1004 1609 desint
1029 1550 1381 1630 interpretes
1398 1593 1416 1625 ,
1450 1549 1553 1630 qui
1578 1548 1690 1608 alio
1713 1570 1887 1609 sensu
1910 1563 2210 1633 exponant

102 1644 334 1704 laudata
361 1645 712 1705 testimonia.

182 1739 280 1804 94.
324 1739 414 1799 Ad
444 1739 559 1814 4¹¹»,
602 1741 761 1799 Dist.
799 1741 871 1798 Et
894 1738 1266 1820 hyperbolica
1291 1740 1350 1797 S.
1379 1739 1715 1819 Hieronymi
1747 1738 1922 1799 verba
1947 1753 2086 1799 sunt
2118 1742 2207 1799 in·

103 1834 411 1914 telligenda
443 1835 518 1894 de
554 1846 877 1917 apparente
903 1835 1158 1916 quadam
1189 1857 1254 1894 ac
1293 1847 1701 1895 momentanea
1740 1838 2066 1896 multorum
2104 1837 2211 1896 de·

102 1929 380 2004 sectione,
425 1950 615 1998 conc.,·
652 1929 726 1989 de
759 1951 890 1988 vero
925 1951 991 1988 ac
1018 1930 1273 2009 generali
1306 1930 1587 1989 Ecclesiae
1624 1929 1853 1989 defectu
1874 1975 1890 2002 ,
1935 1952 2064 2011 noy.
2109 1931 2207 1990 ci-

102 2035 220 2082 tata
263 2026 422 2084 enim
463 2025 637 2087 verba
679 2025 927 2107 protulit
969 2027 1025 2084 S.
1058 2027 1271 2084 Doctor
1312 2047 1386 2084 ex
1427 2025 1725 2085 occasione
1767 2025 2204 2107 subscriptionis

96 2139 127 2176 a
155 2118 424 2178 Patribus
449 2119 896 2179 ariminensibus
918 2121 1084 2180 factae
1110 2121 1233 2180 voci
1246 2127 1510 2196 ὀμοιοὺσιω,
1538 2119 1682 2178 dum
1705 2140 1925 2201 nempe
1956 2122 2078 2179 vim
2103 2142 2204 2182 vo-

98 2213 175 2271 cis
204 2235 324 2271 non
355 2214 747 2294 intelligerent
768 2260 786 2289 ⁷
826 2214 1054 2295 decepti
1078 2214 1378 2273 fraudibus
1406 2215 1751 2273 Arianorum
1781 2235 1847 2273 ac
1889 2216 1948 2275 vi
1979 2215 2206 2289 adacti;

97 2328 301 2368 verum
331 2308 504 2367 simul
535 2331 600 2369 ac
643 2310 871 2369 detecta
909 2320 997 2368 est
1031 2309 1220 2380 frauS,
1254 2308 1521 2391 plerique
1549 2308 1711 2366 illam
1741 2307 1892 2367 illico
1927 2320 2209 2368 retracta-

95 2413 327 2462 verunt.
387 2406 597 2464 Deerat
649 2403 901 2464 Concilio
952 2404 1249 2463 Romanus
1306 2403 1574 2462 Pontifex
1626 2402 1719 2462 vel
1771 2407 1893 2480 ejus
1944 2402 2206 2485 legatus2

95 2500 396 2580 majorque
440 2499 851 2581 Episcoporum
897 2499 1158 2558 Ecclesiae
1211 2497 1506 2558 catholicae
1549 2520 1685 2579 pars
1728 2497 1920 2558 eidem
1959 2498 2204 2559 concilio

97 2614 219 2651 non
259 2593 524 2653 interfuit
566 2594 693 2672 (l);
739 2593 891 2653 addo
926 2593 1160 2652 nonnisi
1197 2614 1303 2673 per
1336 2593 1456 2653 vim
1492 2591 1603 2651 sibi
1644 2614 1681 2651 a
1723 2593 2049 2654 Constantii
2091 2593 2208 2652 Im-

166 2809 231 2873 (1)
266 2810 441 2859 Ursacii
480 2811 768 2874 potissimum
816 2827 870 2858 ac
904 2809 1110 2859 Valentis
1191 2810 1381 2858 divinae.
1412 2807 1504 2857 Sed
1526 2811 1709 2859 crimini
1734 2810 1895 2858 datum
1914 2821 1981 2859 est
1995 2809 2206 2860 Patribus

99 2889 425 2956 Episcoporum
450 2893 711 2939 arianorum
732 2890 905 2939 artibus
935 2891 1109 2940 sactum
1190 2893 1286 2938 istis
1307 2925 1323 2951 ,
1342 2876 1471 2956 quod
1498 2891 1776 2956 neglexerint
1793 2891 2043 2940 formulam
2060 2895 2206 2941 nicae-

98 2982 163 3019 est
193 2981 246 3019 ut
268 2972 586 3037 deciperentur
606 2971 765 3021 Patres
787 2974 1104 3031 ariminenses,
1190 2990 1299 3021 nam
1316 3008 1332 3034 ‚
1350 2990 1455 3039 quae
1490 2983 1583 3021 erat
1602 2983 1766 3022 tessera
1794 2977 2003 3023 omnium
2029 2973 2205 3024 Catho-

97 3054 179 3118 qui
204 3053 263 3102 ad
286 3053 336 3101 id
363 3053 548 3102 adducti
577 3054 793 3113 fuerunt,
826 3064 877 3102 nt
903 3055 1107 3104 subscri·
1190 3055 1384 3103 licomm
1418 3055 1633 3102 adversus
1678 3057 1872 3103 Arianos
1898 3057 2204 3121 multiplices-

97 3133 260 3182 berent
286 3134 492 3182 formulae
523 3137 748 3183 sirmiensi
773 3172 787 3197 ‚
816 3151 918 3201 quae
944 3136 1017 3184 vel
1035 3154 1108 3186 ca-
1187 3155 1279 3204 que
1292 3140 1567 3185 Arianorum
1580 3137 1806 3207 surculos,
1824 3140 1906 3206 qui
1921 3142 2203 3188 unanimiter

97 3216 267 3265 tholica
300 3227 396 3275 est,
430 3217 503 3264 vel
537 3217 695 3267 saltem
729 3236 917 3267 sensum
948 3219 1108 3268 catho-
1189 3235 1291 3268 eam
1322 3218 1611 3285 rejiciebant.
1634 3218 1849 3269 Ceterum
1884 3239 1911 3270 a
1947 3220 2207 3273 Constantii

101 3297 243 3346 licum
289 3301 473 3363 patitur.
516 3299 659 3350 Filius
703 3302 829 3348 enim
884 3300 1109 3348 catholico
1192 3300 1461 3348 satellitibus
1505 3300 1656 3366 plures
1701 3319 1871 3370 easque
1918 3304 2207 3368 gravissimas

100 3397 236 3429 sensu
272 3381 365 3429 dici
403 3391 553 3447 potest
589 3382 750 3430 similis
793 3382 951 3442 Patri,
981 3394 1027 3431 at
1058 3385 1108 3430 in
1194 3384 1455 3430 vexationes
1471 3380 1622 3431 Patres
1636 3384 1934 3432 ariminenses
1946 3384 2067 3448 passi
2080 3372 2210 3442 sunt‚⁴

100 3480 232 3512 sensu
259 3464 570 3512 similitudinis
594 3465 906 3513 substantialis
928 3483 1110 3530 proma·
1192 3464 1308 3511 adeo
1336 3472 1388 3510 ut
1412 3462 1542 3511 nullo
1588 3463 1729 3512 modo
1753 3466 1928 3513 censeri
1957 3463 2123 3512 debeat
2144 3462 2208 3510 li·

100 3547 253 3592 nantis
282 3563 307 3592 a
334 3548 677 3610 participatione
704 3547 910 3611 ejusdem
933 3558 1105 3594 naturae
1179 3545 1288 3593 bera
1318 3561 1474 3594 eorum
1504 3545 1808 3611 subscripti03
1837 3545 1955 3594 facta
1982 3547 2107 3593 enim
2138 3554 2208 3594 est
