<?xml version="1.0" encoding="UTF-8"?>
<!DOCTYPE html PUBLIC "-//W3C//DTD XHTML 1.0 Transitional//EN"
    "http://www.w3.org/TR/xhtml1/DTD/xhtml1-transitional.dtd">
<html xmlns="http://www.w3.org/1999/xhtml" xml:lang="en" lang="en">
 <head>
  <title>
</title>
<meta http-equiv="Content-Type" content="text/html;charset=utf-8" />
  <meta name='ocr-system' content='tesseract 3.04.00' />
  <meta name='ocr-capabilities' content='ocr_page ocr_carea ocr_par ocr_line ocrx_word'/>
</head>
<body>
  <div class='ocr_page' id='page_1' title='image "a603693801perruoft_0089.png"; bbox 0 0 2554 4140; ppageno 0'>
   <div class='ocr_carea' id='block_1_1' title="bbox 461 170 2187 231">
    <p class='ocr_par' dir='ltr' id='par_1_1' title="bbox 461 170 2187 231">
     <span class='ocr_line' id='line_1_1' title="bbox 461 170 2187 231; baseline 0.001 -2"><span class='ocrx_word' id='word_1_1' title='bbox 461 191 579 229; x_wconf 78' lang='lat' dir='ltr'><strong>CAP.</strong></span> <span class='ocrx_word' id='word_1_2' title='bbox 626 191 714 228; x_wconf 89' lang='lat'><strong>111.</strong></span> <span class='ocrx_word' id='word_1_3' title='bbox 762 192 831 228; x_wconf 78' lang='grc'><strong>33</strong></span> <span class='ocrx_word' id='word_1_4' title='bbox 873 190 1017 229; x_wconf 58' lang='lat' dir='ltr'><strong>Nor-</strong></span> <span class='ocrx_word' id='word_1_5' title='bbox 1045 190 1162 231; x_wconf 85' lang='lat' dir='ltr'><strong>mv.</strong></span> <span class='ocrx_word' id='word_1_6' title='bbox 1215 191 1285 229; x_wconf 72' lang='lat' dir='ltr'><strong>Ac</strong></span> <span class='ocrx_word' id='word_1_7' title='bbox 1327 191 1627 230; x_wconf 64' lang='lat' dir='ltr'><strong>svmmvm.</strong></span> <span class='ocrx_word' id='word_1_8' title='bbox 1677 190 1806 231; x_wconf 67' lang='lat' dir='ltr'><strong>miv.</strong></span> <span class='ocrx_word' id='word_1_9' title='bbox 2106 170 2187 231; x_wconf 60' lang='lat'><strong>‘65</strong></span> 
     </span>
    </p>
   </div>
   <div class='ocr_carea' id='block_1_2' title="bbox 75 326 2188 960">
    <p class='ocr_par' dir='ltr' id='par_1_2' title="bbox 75 326 2188 960">
     <span class='ocr_line' id='line_1_2' title="bbox 78 326 2184 413; baseline 0.001 -24"><span class='ocrx_word' id='word_1_10' title='bbox 78 330 520 413; x_wconf 83' lang='lat' dir='ltr'><strong>quibuscunque</strong></span> <span class='ocrx_word' id='word_1_11' title='bbox 544 341 771 413; x_wconf 90' lang='lat' dir='ltr'><strong>patrata</strong></span> <span class='ocrx_word' id='word_1_12' title='bbox 807 327 1196 412; x_wconf 84' lang='lat' dir='ltr'><strong>perhibentur</strong></span> <span class='ocrx_word' id='word_1_13' title='bbox 1213 373 1230 403; x_wconf 91' lang='grc'>,</span> <span class='ocrx_word' id='word_1_14' title='bbox 1259 328 1529 390; x_wconf 87' lang='lat' dir='ltr'><strong>addimus</strong></span> <span class='ocrx_word' id='word_1_15' title='bbox 1562 355 1575 391; x_wconf 77' lang='grc' dir='ltr'>ε</span> <span class='ocrx_word' id='word_1_16' title='bbox 1600 326 1695 393; x_wconf 71' lang='lat' dir='ltr'><strong>v&#39;el</strong></span> <span class='ocrx_word' id='word_1_17' title='bbox 1719 353 1786 391; x_wconf 87' lang='lat' dir='ltr'><strong>ea</strong></span> <span class='ocrx_word' id='word_1_18' title='bbox 1808 342 1947 391; x_wconf 90' lang='lat' dir='ltr'><strong>sunt</strong></span> <span class='ocrx_word' id='word_1_19' title='bbox 1976 353 2009 391; x_wconf 90' lang='lat' dir='ltr'><strong>a</strong></span> <span class='ocrx_word' id='word_1_20' title='bbox 2031 335 2184 411; x_wconf 87' lang='lat' dir='ltr'><strong>Deo,</strong></span> 
     </span>
     <span class='ocr_line' id='line_1_3' title="bbox 77 423 2186 511; baseline 0 -25"><span class='ocrx_word' id='word_1_21' title='bbox 77 438 135 486; x_wconf 86' lang='lat' dir='ltr'><strong>et</strong></span> <span class='ocrx_word' id='word_1_22' title='bbox 176 437 313 484; x_wconf 89' lang='lat' dir='ltr'><strong>tunc</strong></span> <span class='ocrx_word' id='word_1_23' title='bbox 337 438 490 486; x_wconf 90' lang='lat' dir='ltr'><strong>certe</strong></span> <span class='ocrx_word' id='word_1_24' title='bbox 525 427 672 511; x_wconf 73' lang='lat' dir='ltr'><strong>facta</strong></span> <span class='ocrx_word' id='word_1_25' title='bbox 698 447 820 483; x_wconf 89' lang='lat' dir='ltr'><strong>non</strong></span> <span class='ocrx_word' id='word_1_26' title='bbox 841 433 979 482; x_wconf 90' lang='lat' dir='ltr'><strong>sunt</strong></span> <span class='ocrx_word' id='word_1_27' title='bbox 1013 423 1078 480; x_wconf 87' lang='lat' dir='ltr'><strong>in</strong></span> <span class='ocrx_word' id='word_1_28' title='bbox 1115 423 1619 482; x_wconf 88' lang='lat' dir='ltr'><strong>confirmationem</strong></span> <span class='ocrx_word' id='word_1_29' title='bbox 1648 426 1859 484; x_wconf 90' lang='lat' dir='ltr'><strong>erroris</strong></span> <span class='ocrx_word' id='word_1_30' title='bbox 1878 472 1894 501; x_wconf 90' lang='grc'>,</span> <span class='ocrx_word' id='word_1_31' title='bbox 1925 436 1993 485; x_wconf 89' lang='lat' dir='ltr'><strong>ut</strong></span> <span class='ocrx_word' id='word_1_32' title='bbox 2021 439 2186 509; x_wconf 84' lang='lat' dir='ltr'><strong>patet</strong></span> 
     </span>
     <span class='ocr_line' id='line_1_4' title="bbox 75 517 2184 595; baseline 0.002 -15"><span class='ocrx_word' id='word_1_33' title='bbox 75 543 147 580; x_wconf 81' lang='lat' dir='ltr'><strong>ex</strong></span> <span class='ocrx_word' id='word_1_34' title='bbox 178 520 372 593; x_wconf 79' lang='lat' dir='ltr'><strong>dictis;</strong></span> <span class='ocrx_word' id='word_1_35' title='bbox 402 520 498 581; x_wconf 87' lang='lat' dir='ltr'><strong>vel</strong></span> <span class='ocrx_word' id='word_1_36' title='bbox 517 531 704 578; x_wconf 81' lang='lat' dir='ltr'><strong>sunta</strong></span> <span class='ocrx_word' id='word_1_37' title='bbox 725 517 1016 588; x_wconf 85' lang='lat' dir='ltr'><strong>daemone‚</strong></span> <span class='ocrx_word' id='word_1_38' title='bbox 1041 526 1101 575; x_wconf 89' lang='lat' dir='ltr'><strong>et</strong></span> <span class='ocrx_word' id='word_1_39' title='bbox 1125 526 1268 574; x_wconf 89' lang='lat' dir='ltr'><strong>tunc</strong></span> <span class='ocrx_word' id='word_1_40' title='bbox 1284 560 1301 589; x_wconf 91' lang='grc'>,</span> <span class='ocrx_word' id='word_1_41' title='bbox 1333 536 1466 574; x_wconf 90' lang='lat' dir='ltr'><strong>cum</strong></span> <span class='ocrx_word' id='word_1_42' title='bbox 1481 517 1590 575; x_wconf 90' lang='lat' dir='ltr'><strong>iste</strong></span> <span class='ocrx_word' id='word_1_43' title='bbox 1609 518 1946 595; x_wconf 83' lang='lat' dir='ltr'><strong>subjiciatur</strong></span> <span class='ocrx_word' id='word_1_44' title='bbox 1970 522 2184 584; x_wconf 81' lang='lat' dir='ltr'><strong>divinae</strong></span> 
     </span>
     <span class='ocr_line' id='line_1_5' title="bbox 79 610 2188 693; baseline 0 -18"><span class='ocrx_word' id='word_1_45' title='bbox 79 616 502 688; x_wconf 41' lang='lat' dir='ltr'><strong>Providentiaeffl</strong></span> <span class='ocrx_word' id='word_1_46' title='bbox 517 634 822 693; x_wconf 86' lang='lat' dir='ltr'><strong>nunquam</strong></span> <span class='ocrx_word' id='word_1_47' title='bbox 845 615 999 670; x_wconf 92' lang='lat' dir='ltr'><strong>Deus</strong></span> <span class='ocrx_word' id='word_1_48' title='bbox 1016 610 1140 670; x_wconf 82' lang='lat' dir='ltr'><strong>haec</strong></span> <span class='ocrx_word' id='word_1_49' title='bbox 1158 611 1464 692; x_wconf 88' lang='lat' dir='ltr'><strong>permittet</strong></span> <span class='ocrx_word' id='word_1_50' title='bbox 1479 655 1495 684; x_wconf 91' lang='lat'>,</span> <span class='ocrx_word' id='word_1_51' title='bbox 1523 612 1632 670; x_wconf 84' lang='lat' dir='ltr'><strong>nisi</strong></span> <span class='ocrx_word' id='word_1_52' title='bbox 1648 615 1982 693; x_wconf 82' lang='lat' dir='ltr'><strong>suppeditet</strong></span> <span class='ocrx_word' id='word_1_53' title='bbox 1995 617 2188 676; x_wconf 90' lang='lat' dir='ltr'><strong>media</strong></span> 
     </span>
     <span class='ocr_line' id='line_1_6' title="bbox 78 705 2186 795; baseline -0.002 -25"><span class='ocrx_word' id='word_1_54' title='bbox 78 711 153 770; x_wconf 87' lang='lat' dir='ltr'><strong>ad</strong></span> <span class='ocrx_word' id='word_1_55' title='bbox 192 708 638 792; x_wconf 71' lang='lat' dir='ltr'><strong>praecavendum</strong></span> <span class='ocrx_word' id='word_1_56' title='bbox 684 728 971 778; x_wconf 86' lang='lat' dir='ltr'><strong>errorem,</strong></span> <span class='ocrx_word' id='word_1_57' title='bbox 1023 705 1182 787; x_wconf 89' lang='lat' dir='ltr'><strong>quod</strong></span> <span class='ocrx_word' id='word_1_58' title='bbox 1224 706 1561 787; x_wconf 26' lang='lat' dir='ltr'><strong>‚confirmari</strong></span> <span class='ocrx_word' id='word_1_59' title='bbox 1609 717 1805 786; x_wconf 89' lang='lat' dir='ltr'><strong>posset</strong></span> <span class='ocrx_word' id='word_1_60' title='bbox 1837 729 1958 766; x_wconf 90' lang='lat' dir='ltr'><strong>non</strong></span> <span class='ocrx_word' id='word_1_61' title='bbox 1989 713 2186 795; x_wconf 69' lang='lat' dir='ltr'><strong>paucis</strong></span> 
     </span>
     <span class='ocr_line' id='line_1_7' title="bbox 76 800 2186 887; baseline 0 -22"><span class='ocrx_word' id='word_1_62' title='bbox 76 806 353 887; x_wconf 84' lang='lat' dir='ltr'><strong>exemplis</strong></span> <span class='ocrx_word' id='word_1_63' title='bbox 373 849 405 879; x_wconf 78' lang='grc'><strong>,,</strong></span> <span class='ocrx_word' id='word_1_64' title='bbox 432 823 558 884; x_wconf 87' lang='lat' dir='ltr'><strong>quae</strong></span> <span class='ocrx_word' id='word_1_65' title='bbox 584 801 768 863; x_wconf 84' lang='lat' dir='ltr'><strong>videri</strong></span> <span class='ocrx_word' id='word_1_66' title='bbox 802 812 1049 884; x_wconf 90' lang='lat' dir='ltr'><strong>possunt</strong></span> <span class='ocrx_word' id='word_1_67' title='bbox 1085 800 1242 883; x_wconf 87' lang='lat' dir='ltr'><strong>apud</strong></span> <span class='ocrx_word' id='word_1_68' title='bbox 1279 801 1601 873; x_wconf 55' lang='lat' dir='ltr'><strong>Baronium‘</strong></span> <span class='ocrx_word' id='word_1_69' title='bbox 1637 802 1749 881; x_wconf 91' lang='lat'><strong>(1).</strong></span> <span class='ocrx_word' id='word_1_70' title='bbox 1782 802 1853 860; x_wconf 88' lang='lat' dir='ltr'><strong>Et</strong></span> <span class='ocrx_word' id='word_1_71' title='bbox 1877 802 1959 861; x_wconf 89' lang='lat' dir='ltr'><strong>sic</strong></span> <span class='ocrx_word' id='word_1_72' title='bbox 1983 826 2186 866; x_wconf 86' lang='lat' dir='ltr'><strong>omnes</strong></span> 
     </span>
     <span class='ocr_line' id='line_1_8' title="bbox 80 894 1237 960; baseline -0.007 -1"><span class='ocrx_word' id='word_1_73' title='bbox 80 901 233 960; x_wconf 86' lang='lat' dir='ltr'><strong>tricae</strong></span> <span class='ocrx_word' id='word_1_74' title='bbox 261 897 677 959; x_wconf 63' lang='lat' dir='ltr'><strong>dissolvuntur.</strong></span> <span class='ocrx_word' id='word_1_75' title='bbox 757 917 767 925; x_wconf 81' lang='grc'><em>·</em></span> <span class='ocrx_word' id='word_1_76' title='bbox 1235 894 1237 896; x_wconf 67' lang='grc'><strong>’</strong></span> 
     </span>
    </p>
   </div>
   <div class='ocr_carea' id='block_1_3' title="bbox 880 1019 1367 1061">
    <p class='ocr_par' dir='ltr' id='par_1_3' title="bbox 880 1019 1367 1061">
     <span class='ocr_line' id='line_1_9' title="bbox 880 1019 1367 1061; baseline -0.004 0"><span class='ocrx_word' id='word_1_77' title='bbox 880 1019 1199 1061; x_wconf 83' lang='lat' dir='ltr'>D1FFICUL&#39;1·</span> <span class='ocrx_word' id='word_1_78' title='bbox 1206 1019 1367 1060; x_wconf 85' lang='lat' dir='ltr'><strong>ATES.</strong></span> 
     </span>
    </p>
   </div>
   <div class='ocr_carea' id='block_1_4' title="bbox 724 1118 1530 1224">
    <p class='ocr_par' dir='ltr' id='par_1_4' title="bbox 724 1118 1530 1224">
     <span class='ocr_line' id='line_1_10' title="bbox 724 1118 1530 1224; baseline -0.005 -18"><span class='ocrx_word' id='word_1_79' title='bbox 724 1147 785 1206; x_wconf 93' lang='lat' dir='ltr'><em>E</em></span> <span class='ocrx_word' id='word_1_80' title='bbox 786 1168 827 1205; x_wconf 62' lang='grc' dir='ltr'><strong>αι·</strong></span> <span class='ocrx_word' id='word_1_81' title='bbox 869 1147 1098 1224; x_wconf 64' lang='lat' dir='ltr'><strong>defectu</strong></span> <span class='ocrx_word' id='word_1_82' title='bbox 1126 1118 1530 1204; x_wconf 75' lang='lat' dir='ltr'><strong>certitudinis.</strong></span> 
     </span>
    </p>
   </div>
   <div class='ocr_carea' id='block_1_5' title="bbox 22 1277 2261 3070">
    <p class='ocr_par' dir='ltr' id='par_1_5' title="bbox 79 1277 2198 2024">
     <span class='ocr_line' id='line_1_11' title="bbox 162 1277 2190 1362; baseline -0.002 -20"><span class='ocrx_word' id='word_1_83' title='bbox 162 1284 298 1343; x_wconf 83' lang='lat'><strong>168.</strong></span> <span class='ocrx_word' id='word_1_84' title='bbox 348 1282 478 1360; x_wconf 84' lang='lat' dir='ltr'><strong>Obj.</strong></span> <span class='ocrx_word' id='word_1_85' title='bbox 507 1284 654 1341; x_wconf 90' lang='lat' dir='ltr'><strong>Cum</strong></span> <span class='ocrx_word' id='word_1_86' title='bbox 677 1283 798 1362; x_wconf 89' lang='lat' dir='ltr'><strong>ipse</strong></span> <span class='ocrx_word' id='word_1_87' title='bbox 821 1280 1098 1340; x_wconf 90' lang='lat' dir='ltr'><strong>miracula</strong></span> <span class='ocrx_word' id='word_1_88' title='bbox 1120 1303 1242 1339; x_wconf 90' lang='lat' dir='ltr'><strong>non</strong></span> <span class='ocrx_word' id='word_1_89' title='bbox 1267 1279 1515 1340; x_wconf 88' lang='lat' dir='ltr'><strong>viderim</strong></span> <span class='ocrx_word' id='word_1_90' title='bbox 1533 1323 1550 1353; x_wconf 80' lang='grc'>,</span> <span class='ocrx_word' id='word_1_91' title='bbox 1583 1277 1831 1337; x_wconf 90' lang='lat' dir='ltr'><strong>aliorum</strong></span> <span class='ocrx_word' id='word_1_92' title='bbox 1855 1280 2190 1341; x_wconf 86' lang='lat' dir='ltr'><strong>testimonio</strong></span> 
     </span>
     <span class='ocr_line' id='line_1_12' title="bbox 79 1375 2198 1458; baseline -0.001 -20"><span class='ocrx_word' id='word_1_93' title='bbox 79 1378 256 1438; x_wconf 87' lang='lat' dir='ltr'><strong>fidem</strong></span> <span class='ocrx_word' id='word_1_94' title='bbox 292 1389 566 1458; x_wconf 85' lang='lat' dir='ltr'><strong>praestare</strong></span> <span class='ocrx_word' id='word_1_95' title='bbox 610 1388 853 1451; x_wconf 89' lang='lat' dir='ltr'><strong>teneor;</strong></span> <span class='ocrx_word' id='word_1_96' title='bbox 893 1378 1054 1456; x_wconf 87' lang='lat' dir='ltr'><strong>atqui</strong></span> <span class='ocrx_word' id='word_1_97' title='bbox 1091 1375 1201 1434; x_wconf 89' lang='lat' dir='ltr'><strong>hoc</strong></span> <span class='ocrx_word' id='word_1_98' title='bbox 1245 1376 1372 1457; x_wconf 91' lang='lat' dir='ltr'><strong>ipso</strong></span> <span class='ocrx_word' id='word_1_99' title='bbox 1416 1375 1639 1436; x_wconf 86' lang='lat' dir='ltr'><strong>moveri</strong></span> <span class='ocrx_word' id='word_1_100' title='bbox 1678 1396 1800 1432; x_wconf 90' lang='lat' dir='ltr'><strong>non</strong></span> <span class='ocrx_word' id='word_1_101' title='bbox 1840 1396 2079 1453; x_wconf 91' lang='lat' dir='ltr'><strong>possum</strong></span> <span class='ocrx_word' id='word_1_102' title='bbox 2121 1375 2198 1435; x_wconf 92' lang='lat' dir='ltr'><strong>ad</strong></span> 
     </span>
     <span class='ocr_line' id='line_1_13' title="bbox 80 1469 2194 1551; baseline -0.001 -20"><span class='ocrx_word' id='word_1_103' title='bbox 80 1472 447 1533; x_wconf 86' lang='lat' dir='ltr'><strong>revelationis</strong></span> <span class='ocrx_word' id='word_1_104' title='bbox 474 1471 782 1532; x_wconf 88' lang='lat' dir='ltr'><strong>veritatem</strong></span> <span class='ocrx_word' id='word_1_105' title='bbox 812 1470 1255 1549; x_wconf 83' lang='lat' dir='ltr'><strong>agnoscendam.</strong></span> <span class='ocrx_word' id='word_1_106' title='bbox 1283 1472 1526 1550; x_wconf 89' lang='lat' dir='ltr'><strong>Semper</strong></span> <span class='ocrx_word' id='word_1_107' title='bbox 1553 1469 1711 1528; x_wconf 89' lang='lat' dir='ltr'><strong>enim</strong></span> <span class='ocrx_word' id='word_1_108' title='bbox 1742 1470 1804 1542; x_wconf 71' lang='lat'><strong>1⁰</strong></span> <span class='ocrx_word' id='word_1_109' title='bbox 1828 1490 2040 1551; x_wconf 81' lang='lat' dir='ltr'><strong>anceps</strong></span> <span class='ocrx_word' id='word_1_110' title='bbox 2066 1469 2194 1528; x_wconf 84' lang='lat' dir='ltr'><strong>hae-</strong></span> 
     </span>
     <span class='ocr_line' id='line_1_14' title="bbox 81 1564 2197 1648; baseline -0.001 -23"><span class='ocrx_word' id='word_1_111' title='bbox 81 1588 209 1625; x_wconf 90' lang='lat' dir='ltr'><strong>rere</strong></span> <span class='ocrx_word' id='word_1_112' title='bbox 244 1565 430 1625; x_wconf 89' lang='lat' dir='ltr'><strong>debeo</strong></span> <span class='ocrx_word' id='word_1_113' title='bbox 455 1609 470 1639; x_wconf 87' lang='grc'>,</span> <span class='ocrx_word' id='word_1_114' title='bbox 499 1587 645 1623; x_wconf 90' lang='lat' dir='ltr'><strong>num</strong></span> <span class='ocrx_word' id='word_1_115' title='bbox 674 1586 875 1648; x_wconf 87' lang='lat' dir='ltr'><strong>omnes</strong></span> <span class='ocrx_word' id='word_1_116' title='bbox 911 1565 1340 1644; x_wconf 80' lang='lat' dir='ltr'><strong>praeteritorum</strong></span> <span class='ocrx_word' id='word_1_117' title='bbox 1369 1576 1706 1645; x_wconf 86' lang='lat' dir='ltr'><strong>temporum</strong></span> <span class='ocrx_word' id='word_1_118' title='bbox 1743 1574 1920 1623; x_wconf 85' lang='lat' dir='ltr'><strong>testes</strong></span> <span class='ocrx_word' id='word_1_119' title='bbox 1944 1609 1960 1638; x_wconf 90' lang='grc'>,</span> <span class='ocrx_word' id='word_1_120' title='bbox 2001 1564 2102 1645; x_wconf 91' lang='lat' dir='ltr'><strong>qui</strong></span> <span class='ocrx_word' id='word_1_121' title='bbox 2130 1585 2197 1623; x_wconf 87' lang='lat' dir='ltr'><strong>ea</strong></span> 
     </span>
     <span class='ocr_line' id='line_1_15' title="bbox 79 1657 2189 1740; baseline -0.001 -22"><span class='ocrx_word' id='word_1_122' title='bbox 79 1661 244 1739; x_wconf 80' lang='lat' dir='ltr'><strong>signa</strong></span> <span class='ocrx_word' id='word_1_123' title='bbox 271 1660 562 1733; x_wconf 87' lang='lat' dir='ltr'><strong>referunt,</strong></span> <span class='ocrx_word' id='word_1_124' title='bbox 602 1659 694 1719; x_wconf 90' lang='lat' dir='ltr'><strong>vel</strong></span> <span class='ocrx_word' id='word_1_125' title='bbox 729 1659 955 1740; x_wconf 85' lang='lat' dir='ltr'><strong>decepti</strong></span> <span class='ocrx_word' id='word_1_126' title='bbox 982 1660 1235 1733; x_wconf 74' lang='lat' dir='ltr'><strong>fuerint,</strong></span> <span class='ocrx_word' id='word_1_127' title='bbox 1277 1659 1374 1720; x_wconf 87' lang='lat' dir='ltr'><strong>vel</strong></span> <span class='ocrx_word' id='word_1_128' title='bbox 1410 1659 1548 1718; x_wconf 87' lang='lat' dir='ltr'><strong>alios</strong></span> <span class='ocrx_word' id='word_1_129' title='bbox 1580 1658 1844 1739; x_wconf 87' lang='lat' dir='ltr'><strong>decipere</strong></span> <span class='ocrx_word' id='word_1_130' title='bbox 1876 1657 2189 1719; x_wconf 88' lang='lat' dir='ltr'><strong>voluerint.</strong></span> 
     </span>
     <span class='ocr_line' id='line_1_16' title="bbox 80 1753 2196 1834; baseline -0.001 -21"><span class='ocrx_word' id='word_1_131' title='bbox 80 1756 225 1834; x_wconf 81' lang='lat' dir='ltr'><strong>Ergo</strong></span> <span class='ocrx_word' id='word_1_132' title='bbox 260 1754 605 1814; x_wconf 88' lang='lat' dir='ltr'><strong>miraculum</strong></span> <span class='ocrx_word' id='word_1_133' title='bbox 647 1754 846 1813; x_wconf 79' lang='lat' dir='ltr'><strong>efficax</strong></span> <span class='ocrx_word' id='word_1_134' title='bbox 884 1775 1006 1812; x_wconf 85' lang='lat' dir='ltr'><strong>esse</strong></span> <span class='ocrx_word' id='word_1_135' title='bbox 1052 1775 1174 1813; x_wconf 91' lang='lat' dir='ltr'><strong>non</strong></span> <span class='ocrx_word' id='word_1_136' title='bbox 1215 1764 1425 1834; x_wconf 18' lang='lat' dir='ltr'><strong>potest·</strong></span> <span class='ocrx_word' id='word_1_137' title='bbox 1450 1753 1822 1813; x_wconf 83' lang='lat' dir='ltr'><strong>revelationis</strong></span> <span class='ocrx_word' id='word_1_138' title='bbox 1854 1753 1994 1812; x_wconf 87' lang='lat' dir='ltr'><strong>olim</strong></span> <span class='ocrx_word' id='word_1_139' title='bbox 2033 1754 2196 1814; x_wconf 79' lang='lat' dir='ltr'><strong>factae</strong></span> 
     </span>
     <span class='ocr_line' id='line_1_17' title="bbox 79 1847 2196 1929; baseline -0 -23"><span class='ocrx_word' id='word_1_140' title='bbox 79 1860 490 1928; x_wconf 81' lang='lat' dir='ltr'><strong>argumentum</strong></span> <span class='ocrx_word' id='word_1_141' title='bbox 515 1850 624 1927; x_wconf 74' lang='lat'><strong>(2).</strong></span> <span class='ocrx_word' id='word_1_142' title='bbox 656 1850 805 1907; x_wconf 88' lang='lat' dir='ltr'><strong>Sane</strong></span> <span class='ocrx_word' id='word_1_143' title='bbox 834 1849 900 1905; x_wconf 75' lang='lat'><strong>20</strong></span> <span class='ocrx_word' id='word_1_144' title='bbox 928 1868 1054 1929; x_wconf 81' lang='lat' dir='ltr'><strong>quae</strong></span> <span class='ocrx_word' id='word_1_145' title='bbox 1078 1849 1223 1906; x_wconf 87' lang='lat' dir='ltr'><strong>ratio</strong></span> <span class='ocrx_word' id='word_1_146' title='bbox 1252 1848 1477 1907; x_wconf 85' lang='lat' dir='ltr'><strong>efficere</strong></span> <span class='ocrx_word' id='word_1_147' title='bbox 1503 1858 1723 1929; x_wconf 86' lang='lat' dir='ltr'><strong>potest,</strong></span> <span class='ocrx_word' id='word_1_148' title='bbox 1760 1859 1826 1907; x_wconf 91' lang='lat' dir='ltr'><strong>ut</strong></span> <span class='ocrx_word' id='word_1_149' title='bbox 1855 1847 2196 1929; x_wconf 90' lang='lat' dir='ltr'><strong>impruden—</strong></span> 
     </span>
     <span class='ocr_line' id='line_1_18' title="bbox 80 1941 2116 2024; baseline 0 -22"><span class='ocrx_word' id='word_1_150' title='bbox 80 1944 171 2002; x_wconf 83' lang='lat' dir='ltr'><strong>tiae</strong></span> <span class='ocrx_word' id='word_1_151' title='bbox 195 1945 303 2002; x_wconf 88' lang='lat' dir='ltr'><strong>sim</strong></span> <span class='ocrx_word' id='word_1_152' title='bbox 328 1943 855 2016; x_wconf 76' lang='lat' dir='ltr'><strong>accusandUS‚11isi</strong></span> <span class='ocrx_word' id='word_1_153' title='bbox 881 1943 1114 2002; x_wconf 85' lang='lat' dir='ltr'><strong>credam</strong></span> <span class='ocrx_word' id='word_1_154' title='bbox 1137 1965 1240 2017; x_wconf 90' lang='grc'><strong>63,</strong></span> <span class='ocrx_word' id='word_1_155' title='bbox 1266 1965 1511 2024; x_wconf 88' lang='lat' dir='ltr'><strong>quorum</strong></span> <span class='ocrx_word' id='word_1_156' title='bbox 1536 1964 1639 2022; x_wconf 83' lang='lat' dir='ltr'><strong>ego</strong></span> <span class='ocrx_word' id='word_1_157' title='bbox 1662 1943 1825 2002; x_wconf 92' lang='lat' dir='ltr'><strong>testis</strong></span> <span class='ocrx_word' id='word_1_158' title='bbox 1849 1965 1974 2002; x_wconf 90' lang='lat' dir='ltr'><strong>non</strong></span> <span class='ocrx_word' id='word_1_159' title='bbox 1994 1941 2116 2002; x_wconf 81' lang='lat' dir='ltr'><strong>fui?</strong></span> 
     </span>
    </p>

    <p class='ocr_par' dir='ltr' id='par_1_6' title="bbox 22 2010 2261 2594">
     <span class='ocr_line' id='line_1_19' title="bbox 164 2010 2261 2119; baseline 0 -23"><span class='ocrx_word' id='word_1_160' title='bbox 164 2039 301 2096; x_wconf 83' lang='lat'><strong>169.</strong></span> <span class='ocrx_word' id='word_1_161' title='bbox 341 2041 513 2119; x_wconf 89' lang='lat' dir='ltr'><strong>Resp.</strong></span> <span class='ocrx_word' id='word_1_162' title='bbox 545 2039 883 2117; x_wconf 77' lang='lat' dir='ltr'><strong>generatim.</strong></span> <span class='ocrx_word' id='word_1_163' title='bbox 904 2039 1076 2116; x_wconf 81' lang='lat' dir='ltr'><strong>Ergo</strong></span> <span class='ocrx_word' id='word_1_164' title='bbox 1071 2038 1259 2095; x_wconf 84' lang='lat' dir='ltr'><strong>omnis</strong></span> <span class='ocrx_word' id='word_1_165' title='bbox 1283 2037 1554 2095; x_wconf 81' lang='lat' dir='ltr'><strong>historica</strong></span> <span class='ocrx_word' id='word_1_166' title='bbox 1571 2049 1630 2095; x_wconf 92' lang='lat' dir='ltr'><strong>et</strong></span> <span class='ocrx_word' id='word_1_167' title='bbox 1651 2037 1882 2096; x_wconf 85' lang='lat' dir='ltr'><strong>moralis</strong></span> <span class='ocrx_word' id='word_1_168' title='bbox 1904 2010 2191 2096; x_wconf 88' lang='lat' dir='ltr'><strong>certitudo</strong></span> <span class='ocrx_word' id='word_1_169' title='bbox 2258 2046 2261 2048; x_wconf 81' lang='grc'>’</span> 
     </span>
     <span class='ocr_line' id='line_1_20' title="bbox 82 2119 2187 2212; baseline -0.002 -20"><span class='ocrx_word' id='word_1_170' title='bbox 82 2143 230 2192; x_wconf 90' lang='lat' dir='ltr'><strong>esset</strong></span> <span class='ocrx_word' id='word_1_171' title='bbox 265 2153 296 2190; x_wconf 91' lang='lat' dir='ltr'><strong>e</strong></span> <span class='ocrx_word' id='word_1_172' title='bbox 322 2131 515 2193; x_wconf 85' lang='lat' dir='ltr'><strong>medio</strong></span> <span class='ocrx_word' id='word_1_173' title='bbox 554 2131 861 2205; x_wconf 70' lang='lat' dir='ltr'><strong>tollenda,</strong></span> <span class='ocrx_word' id='word_1_174' title='bbox 900 2130 1059 2212; x_wconf 88' lang='lat' dir='ltr'><strong>quod</strong></span> <span class='ocrx_word' id='word_1_175' title='bbox 1092 2142 1293 2189; x_wconf 89' lang='lat' dir='ltr'><strong>tamen</strong></span> <span class='ocrx_word' id='word_1_176' title='bbox 1322 2129 1639 2189; x_wconf 84' lang='lat' dir='ltr'><strong>adversarii</strong></span> <span class='ocrx_word' id='word_1_177' title='bbox 1678 2151 1802 2188; x_wconf 91' lang='lat' dir='ltr'><strong>non</strong></span> <span class='ocrx_word' id='word_1_178' title='bbox 1843 2119 2187 2190; x_wconf 80' lang='lat' dir='ltr'><strong>admittunt.</strong></span> 
     </span>
     <span class='ocr_line' id='line_1_21' title="bbox 22 2224 2195 2308; baseline -0 -23"><span class='ocrx_word' id='word_1_179' title='bbox 22 2231 23 2234; x_wconf 70' lang='grc'>’</span> <span class='ocrx_word' id='word_1_180' title='bbox 87 2229 356 2287; x_wconf 85' lang='lat' dir='ltr'><strong>Attamen</strong></span> <span class='ocrx_word' id='word_1_181' title='bbox 388 2227 434 2285; x_wconf 92' lang='lat' dir='ltr'><strong>si</strong></span> <span class='ocrx_word' id='word_1_182' title='bbox 457 2226 598 2308; x_wconf 87' lang='lat' dir='ltr'><strong>quid</strong></span> <span class='ocrx_word' id='word_1_183' title='bbox 620 2227 915 2285; x_wconf 85' lang='lat' dir='ltr'><strong>efficerent</strong></span> <span class='ocrx_word' id='word_1_184' title='bbox 938 2224 1222 2303; x_wconf 71' lang='lat' dir='ltr'><strong>ejusmodi</strong></span> <span class='ocrx_word' id='word_1_185' title='bbox 1245 2224 1471 2306; x_wconf 87' lang='lat' dir='ltr'><strong>aliaque</strong></span> <span class='ocrx_word' id='word_1_186' title='bbox 1493 2224 1584 2282; x_wconf 89' lang='lat' dir='ltr'><strong>his</strong></span> <span class='ocrx_word' id='word_1_187' title='bbox 1608 2224 1803 2283; x_wconf 84' lang='lat' dir='ltr'><strong>affinia</strong></span> <span class='ocrx_word' id='word_1_188' title='bbox 1830 2236 2195 2303; x_wconf 72' lang='lat' dir='ltr'><strong>argumenta,</strong></span> 
     </span>
     <span class='ocr_line' id='line_1_22' title="bbox 79 2319 2201 2404; baseline -0 -24"><span class='ocrx_word' id='word_1_189' title='bbox 79 2323 433 2404; x_wconf 84' lang='lat' dir='ltr'><strong>impeterent</strong></span> <span class='ocrx_word' id='word_1_190' title='bbox 473 2344 538 2382; x_wconf 89' lang='grc'><strong>36</strong></span> <span class='ocrx_word' id='word_1_191' title='bbox 578 2321 998 2383; x_wconf 84' lang='lat' dir='ltr'><strong>submoverent</strong></span> <span class='ocrx_word' id='word_1_192' title='bbox 1027 2342 1264 2380; x_wconf 89' lang='lat' dir='ltr'><strong>omnem</strong></span> <span class='ocrx_word' id='word_1_193' title='bbox 1293 2319 1579 2404; x_wconf 87' lang='lat' dir='ltr'><strong>moralem</strong></span> <span class='ocrx_word' id='word_1_194' title='bbox 1610 2341 1674 2379; x_wconf 90' lang='grc'><strong>36</strong></span> <span class='ocrx_word' id='word_1_195' title='bbox 1715 2320 2049 2380; x_wconf 87' lang='lat' dir='ltr'><strong>historicam</strong></span> <span class='ocrx_word' id='word_1_196' title='bbox 2073 2342 2201 2380; x_wconf 89' lang='lat' dir='ltr'><strong>cer-</strong></span> 
     </span>
     <span class='ocr_line' id='line_1_23' title="bbox 82 2401 2197 2498; baseline -0.001 -23"><span class='ocrx_word' id='word_1_197' title='bbox 82 2418 432 2492; x_wconf 71' lang='lat' dir='ltr'><strong>titudinem,</strong></span> <span class='ocrx_word' id='word_1_198' title='bbox 471 2419 691 2476; x_wconf 87' lang='lat' dir='ltr'><strong>incerta</strong></span> <span class='ocrx_word' id='word_1_199' title='bbox 740 2428 935 2476; x_wconf 88' lang='lat' dir='ltr'><strong>essent</strong></span> <span class='ocrx_word' id='word_1_200' title='bbox 983 2436 1341 2498; x_wconf 86' lang='lat' dir='ltr'><strong>quaecunque</strong></span> <span class='ocrx_word' id='word_1_201' title='bbox 1384 2401 1706 2496; x_wconf 85' lang='lat' dir='ltr'><strong>antiquitus</strong></span> <span class='ocrx_word' id='word_1_202' title='bbox 1745 2426 1903 2494; x_wconf 80' lang='lat' dir='ltr'><strong>gesta</strong></span> <span class='ocrx_word' id='word_1_203' title='bbox 1938 2436 2062 2475; x_wconf 87' lang='lat' dir='ltr'><strong>esse</strong></span> <span class='ocrx_word' id='word_1_204' title='bbox 2105 2414 2197 2473; x_wconf 80' lang='lat' dir='ltr'><strong>di-</strong></span> 
     </span>
     <span class='ocr_line' id='line_1_24' title="bbox 83 2514 432 2594; baseline 0.003 -22"><span class='ocrx_word' id='word_1_205' title='bbox 83 2526 294 2572; x_wconf 88' lang='lat' dir='ltr'><strong>cuntur</strong></span> <span class='ocrx_word' id='word_1_206' title='bbox 321 2514 432 2594; x_wconf 83' lang='grc'><strong>(3).</strong></span> 
     </span>
    </p>

    <p class='ocr_par' dir='ltr' id='par_1_7' title="bbox 85 2601 2199 3070">
     <span class='ocr_line' id='line_1_25' title="bbox 170 2601 2194 2688; baseline -0.002 -22"><span class='ocrx_word' id='word_1_207' title='bbox 170 2609 303 2667; x_wconf 90' lang='grc'><strong>170.</strong></span> <span class='ocrx_word' id='word_1_208' title='bbox 354 2608 460 2668; x_wconf 85' lang='lat' dir='ltr'><strong>Ad.</strong></span> <span class='ocrx_word' id='word_1_209' title='bbox 497 2609 610 2683; x_wconf 67' lang='lat' dir='ltr'><strong>lm,</strong></span> <span class='ocrx_word' id='word_1_210' title='bbox 665 2608 767 2667; x_wconf 85' lang='lat' dir='ltr'><strong>Vel</strong></span> <span class='ocrx_word' id='word_1_211' title='bbox 802 2630 928 2688; x_wconf 68' lang='lat' dir='ltr'><strong>neq.</strong></span> <span class='ocrx_word' id='word_1_212' title='bbox 971 2607 1066 2668; x_wconf 84' lang='lat' dir='ltr'><strong>vel</strong></span> <span class='ocrx_word' id='word_1_213' title='bbox 1093 2609 1228 2666; x_wconf 46' lang='lat' dir='ltr'><strong>dzssst</strong></span> <span class='ocrx_word' id='word_1_214' title='bbox 1266 2607 1324 2665; x_wconf 85' lang='lat' dir='ltr'><strong>Si</strong></span> <span class='ocrx_word' id='word_1_215' title='bbox 1352 2616 1526 2665; x_wconf 91' lang='lat' dir='ltr'><strong>testes</strong></span> <span class='ocrx_word' id='word_1_216' title='bbox 1566 2603 1760 2664; x_wconf 91' lang='lat' dir='ltr'><strong>idonei</strong></span> <span class='ocrx_word' id='word_1_217' title='bbox 1796 2626 1920 2664; x_wconf 92' lang='lat' dir='ltr'><strong>non</strong></span> <span class='ocrx_word' id='word_1_218' title='bbox 1962 2604 2080 2662; x_wconf 87' lang='lat' dir='ltr'><strong>sint</strong></span> <span class='ocrx_word' id='word_1_219' title='bbox 2119 2601 2194 2662; x_wconf 89' lang='lat' dir='ltr'><strong>ad</strong></span> 
     </span>
     <span class='ocr_line' id='line_1_26' title="bbox 85 2687 2195 2783; baseline -0.003 -21"><span class='ocrx_word' id='word_1_220' title='bbox 85 2703 263 2762; x_wconf 88' lang='lat' dir='ltr'><strong>fidem</strong></span> <span class='ocrx_word' id='word_1_221' title='bbox 303 2703 625 2763; x_wconf 86' lang='lat' dir='ltr'><strong>faciendam</strong></span> <span class='ocrx_word' id='word_1_222' title='bbox 666 2703 817 2761; x_wconf 90' lang='lat' dir='ltr'><strong>illius</strong></span> <span class='ocrx_word' id='word_1_223' title='bbox 848 2703 1025 2774; x_wconf 63' lang='lat' dir='ltr'><strong>facti,</strong></span> <span class='ocrx_word' id='word_1_224' title='bbox 1060 2687 1217 2783; x_wconf 85' lang='lat' dir='ltr'><strong>quod</strong></span> <span class='ocrx_word' id='word_1_225' title='bbox 1257 2701 1552 2783; x_wconf 82' lang='lat' dir='ltr'><strong>referunt,</strong></span> <span class='ocrx_word' id='word_1_226' title='bbox 1598 2721 1788 2765; x_wconf 78' lang='lat' dir='ltr'><strong>conc.;</strong></span> <span class='ocrx_word' id='word_1_227' title='bbox 1827 2719 2031 2772; x_wconf 83' lang='grc'>36633,</span> <span class='ocrx_word' id='word_1_228' title='bbox 2065 2720 2195 2777; x_wconf 72' lang='lat' dir='ltr'><strong>neq.</strong></span> 
     </span>
     <span class='ocr_line' id='line_1_27' title="bbox 85 2780 2197 2873; baseline -0.004 -16"><span class='ocrx_word' id='word_1_229' title='bbox 85 2801 262 2857; x_wconf 81' lang='lat' dir='ltr'><strong>Notas</strong></span> <span class='ocrx_word' id='word_1_230' title='bbox 314 2811 512 2858; x_wconf 86' lang='lat' dir='ltr'><strong>autem</strong></span> <span class='ocrx_word' id='word_1_231' title='bbox 548 2798 894 2857; x_wconf 89' lang='lat' dir='ltr'><strong>idoneorum</strong></span> <span class='ocrx_word' id='word_1_232' title='bbox 934 2798 1168 2856; x_wconf 81' lang='lat' dir='ltr'><strong>testium</strong></span> <span class='ocrx_word' id='word_1_233' title='bbox 1221 2795 1459 2853; x_wconf 83' lang='lat' dir='ltr'><strong>exhibet</strong></span> <span class='ocrx_word' id='word_1_234' title='bbox 1495 2780 1741 2851; x_wconf 85' lang='lat' dir='ltr'><strong>critica</strong></span> <span class='ocrx_word' id='word_1_235' title='bbox 1725 2836 1741 2865; x_wconf 84' lang='lat'><strong>.‚</strong></span> <span class='ocrx_word' id='word_1_236' title='bbox 1787 2812 2035 2873; x_wconf 89' lang='lat' dir='ltr'><strong>quarum</strong></span> <span class='ocrx_word' id='word_1_237' title='bbox 2071 2791 2197 2850; x_wconf 80' lang='lat' dir='ltr'><strong>aliae</strong></span> 
     </span>
     <span class='ocr_line' id='line_1_28' title="bbox 88 2885 2199 2974; baseline -0.003 -23"><span class='ocrx_word' id='word_1_238' title='bbox 88 2905 351 2974; x_wconf 87' lang='lat' dir='ltr'><strong>spectant</strong></span> <span class='ocrx_word' id='word_1_239' title='bbox 388 2893 463 2952; x_wconf 89' lang='lat' dir='ltr'><strong>ad</strong></span> <span class='ocrx_word' id='word_1_240' title='bbox 493 2893 891 2965; x_wconf 70' lang='lat' dir='ltr'><strong>intellectum,</strong></span> <span class='ocrx_word' id='word_1_241' title='bbox 941 2913 1011 2950; x_wconf 84' lang='lat' dir='ltr'><strong>ex</strong></span> <span class='ocrx_word' id='word_1_242' title='bbox 1049 2913 1165 2972; x_wconf 88' lang='lat' dir='ltr'><strong>quo</strong></span> <span class='ocrx_word' id='word_1_243' title='bbox 1194 2912 1315 2948; x_wconf 89' lang='lat' dir='ltr'><strong>non</strong></span> <span class='ocrx_word' id='word_1_244' title='bbox 1351 2888 1650 2970; x_wconf 88' lang='lat' dir='ltr'><strong>potuerint</strong></span> <span class='ocrx_word' id='word_1_245' title='bbox 1688 2886 1919 2969; x_wconf 70' lang='lat' dir='ltr'><strong>decipi,</strong></span> <span class='ocrx_word' id='word_1_246' title='bbox 1963 2885 2088 2945; x_wconf 83' lang='lat' dir='ltr'><strong>aliae</strong></span> <span class='ocrx_word' id='word_1_247' title='bbox 2124 2885 2199 2944; x_wconf 89' lang='lat' dir='ltr'><strong>ad</strong></span> 
     </span>
     <span class='ocr_line' id='line_1_29' title="bbox 88 2983 1421 3070; baseline -0.006 -22"><span class='ocrx_word' id='word_1_248' title='bbox 88 2988 483 3062; x_wconf 83' lang='lat' dir='ltr'><strong>voluntatem,</strong></span> <span class='ocrx_word' id='word_1_249' title='bbox 527 3010 639 3070; x_wconf 91' lang='lat' dir='ltr'><strong>qua</strong></span> <span class='ocrx_word' id='word_1_250' title='bbox 683 2987 982 3046; x_wconf 89' lang='lat' dir='ltr'><strong>noluerint</strong></span> <span class='ocrx_word' id='word_1_251' title='bbox 1014 2985 1278 3067; x_wconf 88' lang='lat' dir='ltr'><strong>decipere</strong></span> <span class='ocrx_word' id='word_1_252' title='bbox 1315 2983 1421 3063; x_wconf 76' lang='lat'><strong>(4).</strong></span> 
     </span>
    </p>
   </div>
   <div class='ocr_carea' id='block_1_6' title="bbox 88 3142 2196 3705">
    <p class='ocr_par' dir='ltr' id='par_1_8' title="bbox 88 3142 2196 3705">
     <span class='ocr_line' id='line_1_30' title="bbox 155 3142 2195 3215; baseline -0.004 -17"><span class='ocrx_word' id='word_1_253' title='bbox 155 3151 416 3215; x_wconf 77' lang='lat' dir='ltr'><strong>(1)Anna1.</strong></span> <span class='ocrx_word' id='word_1_254' title='bbox 435 3151 688 3200; x_wconf 79' lang='lat' dir='ltr'><strong>ecclesiast.</strong></span> <span class='ocrx_word' id='word_1_255' title='bbox 701 3152 758 3199; x_wconf 89' lang='lat' dir='ltr'><strong>ad</strong></span> <span class='ocrx_word' id='word_1_256' title='bbox 775 3159 952 3199; x_wconf 81' lang='lat' dir='ltr'><strong>annum</strong></span> <span class='ocrx_word' id='word_1_257' title='bbox 972 3146 1091 3213; x_wconf 87' lang='grc'><strong>484.</strong></span> <span class='ocrx_word' id='word_1_258' title='bbox 1185 3148 1327 3196; x_wconf 57' lang='lat' dir='ltr'><strong>Pares</strong></span> <span class='ocrx_word' id='word_1_259' title='bbox 1360 3163 1446 3195; x_wconf 73' lang='lat' dir='ltr'><strong>cur</strong></span> <span class='ocrx_word' id='word_1_260' title='bbox 1464 3145 1529 3194; x_wconf 70' lang='lat' dir='ltr'><strong>les</strong></span> <span class='ocrx_word' id='word_1_261' title='bbox 1551 3145 1800 3214; x_wconf 59' lang='lat' dir='ltr'><strong>querimus</strong></span> <span class='ocrx_word' id='word_1_262' title='bbox 1820 3142 2162 3192; x_wconf 73' lang='lat' dir='ltr'><strong>miraculeuces</strong></span> <span class='ocrx_word' id='word_1_263' title='bbox 2179 3179 2195 3198; x_wconf 94' lang='lat'><strong><em>,</em></strong></span> 
     </span>
     <span class='ocr_line' id='line_1_31' title="bbox 90 3232 1311 3295; baseline -0.002 -15"><span class='ocrx_word' id='word_1_264' title='bbox 90 3233 217 3281; x_wconf 84' lang='lat' dir='ltr'><strong>Circa</strong></span> <span class='ocrx_word' id='word_1_265' title='bbox 251 3236 564 3282; x_wconf 77' lang='lat' dir='ltr'><strong>auctoritatem</strong></span> <span class='ocrx_word' id='word_1_266' title='bbox 592 3235 788 3281; x_wconf 74' lang='lat' dir='ltr'><strong>historiae</strong></span> <span class='ocrx_word' id='word_1_267' title='bbox 816 3232 1011 3279; x_wconf 80' lang='lat' dir='ltr'><strong>Socratis</strong></span> <span class='ocrx_word' id='word_1_268' title='bbox 1048 3237 1096 3278; x_wconf 89' lang='lat' dir='ltr'><strong>et</strong></span> <span class='ocrx_word' id='word_1_269' title='bbox 1176 3248 1223 3295; x_wconf 89' lang='lat' dir='ltr'><strong>p.</strong></span> <span class='ocrx_word' id='word_1_270' title='bbox 1262 3246 1311 3278; x_wconf 85' lang='lat'><strong>2.</strong></span> 
     </span>
     <span class='ocr_line' id='line_1_32' title="bbox 89 3306 2195 3381; baseline -0.003 -19"><span class='ocrx_word' id='word_1_271' title='bbox 89 3314 356 3363; x_wconf 87' lang='lat' dir='ltr'><strong>Sozomenis</strong></span> <span class='ocrx_word' id='word_1_272' title='bbox 391 3332 519 3363; x_wconf 86' lang='lat' dir='ltr'><strong>cons.</strong></span> <span class='ocrx_word' id='word_1_273' title='bbox 557 3315 720 3381; x_wconf 83' lang='lat' dir='ltr'><strong>Fleury</strong></span> <span class='ocrx_word' id='word_1_274' title='bbox 740 3352 752 3375; x_wconf 85' lang='lat'>‚</span> <span class='ocrx_word' id='word_1_275' title='bbox 786 3314 922 3362; x_wconf 73' lang='lat' dir='ltr'><strong>Hist.</strong></span> <span class='ocrx_word' id='word_1_276' title='bbox 954 3310 1092 3359; x_wconf 89' lang='lat' dir='ltr'><strong>Eccl.</strong></span> <span class='ocrx_word' id='word_1_277' title='bbox 1249 3313 1317 3377; x_wconf 77' lang='lat'><strong>(2)</strong></span> <span class='ocrx_word' id='word_1_278' title='bbox 1352 3311 1418 3359; x_wconf 81' lang='lat' dir='ltr'><strong>Ita</strong></span> <span class='ocrx_word' id='word_1_279' title='bbox 1442 3309 1677 3358; x_wconf 85' lang='lat' dir='ltr'><strong>Rousseau</strong></span> <span class='ocrx_word' id='word_1_280' title='bbox 1696 3344 1710 3368; x_wconf 88' lang='lat'>,</span> <span class='ocrx_word' id='word_1_281' title='bbox 1749 3306 1914 3355; x_wconf 80' lang='lat' dir='ltr'><strong>Emilc</strong></span> <span class='ocrx_word' id='word_1_282' title='bbox 1933 3343 1946 3367; x_wconf 95' lang='lat'><strong>‚</strong></span> <span class='ocrx_word' id='word_1_283' title='bbox 1975 3318 2089 3356; x_wconf 84' lang='lat' dir='ltr'><strong>tom.</strong></span> <span class='ocrx_word' id='word_1_284' title='bbox 2119 3323 2195 3357; x_wconf 87' lang='lat' dir='ltr'><strong>m.</strong></span> 
     </span>
     <span class='ocr_line' id='line_1_33' title="bbox 88 3386 2194 3462; baseline -0.003 -18"><span class='ocrx_word' id='word_1_285' title='bbox 88 3397 175 3446; x_wconf 87' lang='lat' dir='ltr'><strong>lib.</strong></span> <span class='ocrx_word' id='word_1_286' title='bbox 199 3412 328 3458; x_wconf 64' lang='lat' dir='ltr'><strong>xxm,</strong></span> <span class='ocrx_word' id='word_1_287' title='bbox 348 3395 706 3462; x_wconf 66' lang='lat' dir='ltr'><strong>n.49;Ceillier‚</strong></span> <span class='ocrx_word' id='word_1_288' title='bbox 731 3407 846 3444; x_wconf 84' lang='lat' dir='ltr'><strong>tom.</strong></span> <span class='ocrx_word' id='word_1_289' title='bbox 868 3411 950 3444; x_wconf 77' lang='lat' dir='ltr'><strong>xm</strong></span> <span class='ocrx_word' id='word_1_290' title='bbox 971 3432 983 3454; x_wconf 85' lang='lat'>‚</span> <span class='ocrx_word' id='word_1_291' title='bbox 1009 3392 1098 3442; x_wconf 79' lang='lat' dir='ltr'><strong>Des</strong></span> <span class='ocrx_word' id='word_1_292' title='bbox 1250 3394 1319 3458; x_wconf 74' lang='grc'><strong>(3)</strong></span> <span class='ocrx_word' id='word_1_293' title='bbox 1355 3393 1497 3441; x_wconf 89' lang='lat' dir='ltr'><strong>Cons.</strong></span> <span class='ocrx_word' id='word_1_294' title='bbox 1527 3390 1702 3439; x_wconf 80' lang='lat' dir='ltr'><strong>Ruffini</strong></span> <span class='ocrx_word' id='word_1_295' title='bbox 1723 3427 1737 3449; x_wconf 84' lang='lat'>‚</span> <span class='ocrx_word' id='word_1_296' title='bbox 1775 3386 2062 3455; x_wconf 68' lang='lat' dir='ltr'><strong>Rfflessiom‘</strong></span> <span class='ocrx_word' id='word_1_297' title='bbox 2096 3389 2194 3437; x_wconf 81' lang='lat' dir='ltr'><strong>cri-</strong></span> 
     </span>
     <span class='ocr_line' id='line_1_34' title="bbox 89 3469 1894 3543; baseline -0.004 -17"><span class='ocrx_word' id='word_1_298' title='bbox 89 3488 285 3526; x_wconf 75' lang='lat' dir='ltr'><strong>auteurs</strong></span> <span class='ocrx_word' id='word_1_299' title='bbox 306 3477 561 3527; x_wconf 65' lang='lat' dir='ltr'><strong>ecclesiast.</strong></span> <span class='ocrx_word' id='word_1_300' title='bbox 585 3495 636 3543; x_wconf 92' lang='lat' dir='ltr'><strong>p.</strong></span> <span class='ocrx_word' id='word_1_301' title='bbox 657 3476 756 3526; x_wconf 83' lang='lat'><strong>685</strong></span> <span class='ocrx_word' id='word_1_302' title='bbox 776 3494 790 3540; x_wconf 83' lang='lat'>3</span> <span class='ocrx_word' id='word_1_303' title='bbox 811 3494 864 3525; x_wconf 85' lang='lat' dir='ltr'><strong>ac</strong></span> <span class='ocrx_word' id='word_1_304' title='bbox 885 3477 941 3524; x_wconf 91' lang='lat' dir='ltr'><strong>de</strong></span> <span class='ocrx_word' id='word_1_305' title='bbox 961 3478 1102 3523; x_wconf 85' lang='lat' dir='ltr'><strong>mira·</strong></span> <span class='ocrx_word' id='word_1_306' title='bbox 1183 3474 1308 3523; x_wconf 79' lang='lat' dir='ltr'><strong>tiche</strong></span> <span class='ocrx_word' id='word_1_307' title='bbox 1329 3513 1341 3534; x_wconf 88' lang='lat'>‚</span> <span class='ocrx_word' id='word_1_308' title='bbox 1375 3484 1465 3522; x_wconf 83' lang='lat' dir='ltr'><strong>etc.</strong></span> <span class='ocrx_word' id='word_1_309' title='bbox 1493 3491 1541 3538; x_wconf 86' lang='lat' dir='ltr'><strong>p.</strong></span> <span class='ocrx_word' id='word_1_310' title='bbox 1580 3469 1702 3538; x_wconf 88' lang='lat'>176‚</span> <span class='ocrx_word' id='word_1_311' title='bbox 1728 3488 1780 3518; x_wconf 91' lang='lat' dir='ltr'><strong>n.</strong></span> <span class='ocrx_word' id='word_1_312' title='bbox 1816 3486 1894 3518; x_wconf 82' lang='lat'><strong>12.</strong></span> 
     </span>
     <span class='ocr_line' id='line_1_35' title="bbox 91 3549 2196 3623; baseline -0.005 -14"><span class='ocrx_word' id='word_1_313' title='bbox 91 3562 205 3609; x_wconf 86' lang='lat' dir='ltr'><strong>culis</strong></span> <span class='ocrx_word' id='word_1_314' title='bbox 220 3562 537 3609; x_wconf 78' lang='lat' dir='ltr'><strong>haereticorum</strong></span> <span class='ocrx_word' id='word_1_315' title='bbox 563 3561 612 3607; x_wconf 90' lang='lat' dir='ltr'><strong>in</strong></span> <span class='ocrx_word' id='word_1_316' title='bbox 628 3577 790 3623; x_wconf 83' lang='lat' dir='ltr'><strong>genere</strong></span> <span class='ocrx_word' id='word_1_317' title='bbox 807 3560 896 3623; x_wconf 85' lang='lat' dir='ltr'><strong>leg.</strong></span> <span class='ocrx_word' id='word_1_318' title='bbox 918 3558 974 3606; x_wconf 89' lang='lat' dir='ltr'><strong>P.</strong></span> <span class='ocrx_word' id='word_1_319' title='bbox 1000 3557 1102 3605; x_wconf 82' lang='lat' dir='ltr'><strong>Ma·</strong></span> <span class='ocrx_word' id='word_1_320' title='bbox 1257 3557 1318 3621; x_wconf 69' lang='grc'><strong>(14)</strong></span> <span class='ocrx_word' id='word_1_321' title='bbox 1355 3553 1495 3603; x_wconf 86' lang='lat' dir='ltr'><strong>Cons.</strong></span> <span class='ocrx_word' id='word_1_322' title='bbox 1523 3550 1780 3619; x_wconf 85' lang='lat' dir='ltr'><strong>Spedalieri</strong></span> <span class='ocrx_word' id='word_1_323' title='bbox 1806 3560 1967 3600; x_wconf 84' lang='lat' dir='ltr'><strong>contro</strong></span> <span class='ocrx_word' id='word_1_324' title='bbox 1990 3549 2196 3613; x_wconf 84' lang='lat' dir='ltr'><strong>Gibbon,</strong></span> 
     </span>
     <span class='ocr_line' id='line_1_36' title="bbox 91 3630 1932 3705; baseline -0.005 -17"><span class='ocrx_word' id='word_1_325' title='bbox 91 3660 202 3705; x_wconf 84' lang='lat' dir='ltr'><strong>ran,</strong></span> <span class='ocrx_word' id='word_1_326' title='bbox 224 3641 298 3692; x_wconf 83' lang='lat' dir='ltr'><strong>La</strong></span> <span class='ocrx_word' id='word_1_327' title='bbox 325 3642 558 3690; x_wconf 72' lang='lat' dir='ltr'><strong>Doctrina</strong></span> <span class='ocrx_word' id='word_1_328' title='bbox 581 3641 638 3688; x_wconf 81' lang='lat' dir='ltr'><strong>de</strong></span> <span class='ocrx_word' id='word_1_329' title='bbox 665 3640 926 3689; x_wconf 75' lang='lat' dir='ltr'><strong>l&#39;Ecriture</strong></span> <span class='ocrx_word' id='word_1_330' title='bbox 954 3647 998 3687; x_wconf 82' lang='lat' dir='ltr'><strong>et</strong></span> <span class='ocrx_word' id='word_1_331' title='bbox 1027 3638 1107 3685; x_wconf 76' lang='lat' dir='ltr'><strong>des</strong></span> <span class='ocrx_word' id='word_1_332' title='bbox 1190 3654 1239 3703; x_wconf 87' lang='lat' dir='ltr'><strong>p.</strong></span> <span class='ocrx_word' id='word_1_333' title='bbox 1275 3634 1399 3698; x_wconf 85' lang='lat'><strong>165,</strong></span> <span class='ocrx_word' id='word_1_334' title='bbox 1435 3653 1524 3685; x_wconf 81' lang='lat' dir='ltr'><strong>sez.</strong></span> <span class='ocrx_word' id='word_1_335' title='bbox 1557 3632 1588 3681; x_wconf 83' lang='lat'>3</span> <span class='ocrx_word' id='word_1_336' title='bbox 1612 3670 1625 3695; x_wconf 95' lang='lat'>,</span> <span class='ocrx_word' id='word_1_337' title='bbox 1643 3631 1670 3700; x_wconf 56' lang='grc' dir='ltr'>ὃ</span> <span class='ocrx_word' id='word_1_338' title='bbox 1688 3630 1739 3694; x_wconf 87' lang='grc'><strong>5,</strong></span> <span class='ocrx_word' id='word_1_339' title='bbox 1767 3650 1815 3681; x_wconf 90' lang='lat' dir='ltr'><strong>n.</strong></span> <span class='ocrx_word' id='word_1_340' title='bbox 1851 3631 1932 3679; x_wconf 84' lang='lat'><strong>13.</strong></span> 
     </span>
    </p>
   </div>
   <div class='ocr_carea' id='block_1_7' title="bbox 414 3721 1923 3795">
    <p class='ocr_par' dir='ltr' id='par_1_9' title="bbox 414 3721 1923 3795">
     <span class='ocr_line' id='line_1_37' title="bbox 414 3721 1923 3795; baseline -0.011 0"><span class='ocrx_word' id='word_1_341' title='bbox 414 3738 479 3795; x_wconf 93' lang='lat' dir='ltr'><strong>T.</strong></span> <span class='ocrx_word' id='word_1_342' title='bbox 530 3737 571 3794; x_wconf 93' lang='grc' dir='ltr'><strong>Ι.</strong></span> <span class='ocrx_word' id='word_1_343' title='bbox 1887 3721 1923 3778; x_wconf 86' lang='grc'>5</span> 
     </span>
    </p>
   </div>
  </div>
 </body>
</html>
