2554 4140
314 135 427 196 150

974 152 1041 190 DE
1085 152 1237 191 VERA
1281 155 1403 198 am..
1453 152 1582 191 ων.
1629 152 1776 191 luca.

307 301 370 359 in
399 300 467 358 iis
504 317 629 357 esse
665 294 1130 377 corruptionem,
1172 307 1349 377 prout
1384 295 1564 376 magis
1604 285 1875 355 minusve
1912 293 1986 357 ab
2024 297 2318 378 Evangelii
2340 319 2434 358 re·

310 393 444 474 gula
484 401 853 451 recesserunt
884 402 984 449 aut
1023 391 1308 451 recedunt
1343 392 1450 471 (1)

393 485 535 546 357.
589 485 675 545 Ad
698 487 782 544 2¹¹²
803 531 818 561 7
845 487 1057 545 Omnia
1082 488 1364 546 recensita
1396 487 1536 548 vitia
1566 485 1858 566 religionis
1886 486 2071 550 virtus
2094 487 2158 546 in
2186 487 2349 548 Italia
2371 510 2437 549 ac

307 584 483 643 etiam
531 584 731 641 Romae
776 580 1110 643 eradicavit.
1160 583 1305 642 Cum
1350 583 1510 642 enim
1566 584 1749 642 Roma
1805 594 2079 642 centrum
2138 582 2433 664 religionis

310 679 635 739 christianae
673 680 782 755 sit,
822 678 1003 760 ipsius
1045 679 1191 737 actio
1241 680 1318 744 ad
1354 700 1557 738 omnes
1605 682 1868 759 regiones
1908 680 2279 760 promanavit
2322 679 2440 759 (2).

315 774 485 850 Quod
515 776 564 834 si
604 775 744 835 vitia
796 796 919 834 non
961 774 1181 855 ubique
1226 785 1556 849 cessarunt,
1601 775 1662 833 id
1705 798 1827 833 non
1872 796 1943 834 ex
1987 774 2158 853 hujus
2201 776 2443 837 actionis

311 872 578 947 defectu,
618 871 722 931 sed
755 894 828 932 ex
866 871 1097 931 defectu
1139 893 1376 946 eorum,
1423 874 1524 954 qui
1566 874 1628 931 in
1662 874 1778 932 suis
1825 873 2054 952 flagitiis
2099 871 2396 932 obfirmati
2423 918 2439 949 ‚

310 968 465 1028 illius
493 969 780 1028 actionem
811 967 1139 1047 religiosam
1171 966 1398 1029 nullam
1441 979 1546 1026 aut
1574 990 1726 1050 pene
1755 969 1979 1028 nullam
2023 968 2440 1044 reddiderunt,

312 1088 415 1127 seu
453 1069 636 1149 ipsius
672 1067 960 1126 influxum
995 1064 1454 1147 impediverunt.
1487 1066 1544 1124 Si
1574 1078 1820 1146 aegrotus
1865 1068 2201 1149 praescripta
2246 1090 2278 1126 a
2315 1089 2445 1127 me-

315 1162 442 1222 dico
479 1162 794 1244 pharmaca
838 1160 1079 1241 negligit
1107 1206 1122 1235 ,
1170 1159 1280 1220 sibi
1324 1162 1579 1243 imputet
1603 1206 1617 1234 a
1664 1162 1712 1219 si
1756 1162 2159 1225 valetudinem
2203 1163 2445 1224 minime

268 1305 271 1307 -
311 1270 638 1340 recuperat.

401 1353 540 1414 358.
567 1352 655 1414 Ad
683 1353 797 1431 3¹¹²,
827 1352 917 1412 Ad
934 1352 1409 1413 emendationem
1436 1351 1722 1412 moralem
1750 1353 2167 1434 Hispaniarum
2187 1353 2249 1412 in
2274 1375 2451 1415 sensu

317 1448 392 1510 ab
422 1461 656 1510 auctore
683 1450 915 1509 intento
940 1462 1097 1515 certe
1133 1449 1284 1512 nihil
1308 1449 1586 1523 contulit,
1628 1470 1763 1513 cum
1792 1449 2078 1528 ejusmodi
2117 1449 2451 1511 emendatio

318 1546 553 1605 moralis
582 1545 669 1604 nil
698 1544 858 1604 aliud
895 1546 1000 1620 sit.
1042 1547 1155 1604 nisi
1185 1547 1372 1627 turpis
1416 1558 1475 1605 et
1515 1544 1807 1625 cogitandi
1842 1557 1901 1604 et
1934 1545 2143 1626 agendi
2180 1547 2449 1620 licentia3

319 1637 367 1695 si
402 1659 543 1699 vero
580 1662 772 1700 sermo
816 1643 890 1699 sit
929 1641 1001 1700 de
1035 1641 1448 1702 emendatione
1490 1641 1701 1700 morali
1736 1642 1972 1724 proprie
2016 1641 2202 1717 dicta.l
2254 1643 2451 1701 omnia

319 1744 458 1792 sunt
485 1737 803 1818 repetenda
842 1736 914 1795 ab
956 1737 1206 1799 efficacia
1240 1736 1536 1817 religionis
1559 1783 1573 1812 .,
1619 1737 1763 1797 adeo
1801 1749 1867 1796 ut
1909 1739 2068 1819 regio
2102 1737 2202 1797 illa
2242 1738 2449 1820 quovis

319 1840 587 1913 tempore
631 1854 799 1894 veros
840 1835 1164 1894 sanctitatis
1207 1834 1414 1894 heroes
1459 1833 1709 1895 ediderit
1751 1846 1811 1895 et
1853 1835 2120 1894 omnium
2163 1835 2454 1895 virtutum

322 1927 562 1987 eximios
600 1928 866 1991 cultores.
917 1929 1086 2004 Quod
1128 1931 1174 1989 si
1219 1940 1277 1990 et
1320 1928 1439 1989 illic
1483 1941 1542 1990 et
1585 1930 1724 1990 alibi
1766 1953 2020 2014 pensum
2063 1930 2322 1990 solutum
2364 1941 2456 1990 est

322 2020 598 2085 humanae
618 2026 948 2086 infirmitati
969 2072 984 2100 ,
1021 2048 1259 2086 rursum
1292 2026 1574 2101 dicimuS‚
1608 2026 1672 2087 id
1694 2049 1819 2087 non
1844 2026 2098 2088 defectui
2122 2026 2416 2107 religionis
2437 2071 2453 2100 ,

392 2243 459 2305 (l)
499 2243 662 2293 Merito
694 2244 843 2293 Feller
868 2247 915 2292 in
957 2245 1151 2294 Catech.
1168 2244 1348 2311 philos.

325 2325 461 2391 Liege
508 2323 666 2393 1788,
697 2338 812 2376 tom.
857 2345 938 2381 ιιι,
987 2346 1085 2392 cap.
1127 2326 1178 2391 4,
1222 2327 1248 2394 §
1291 2346 1346 2389 1,

326 2428 372 2475 p.
404 2407 503 2477 274
530 2447 542 2470 ‚
582 2410 820 2468 affirmat,
858 2412 1007 2476 qu'un
1049 2411 1350 2460 demi-siecle

325 2492 382 2541 de
397 2495 686 2558 paqanisme
704 2497 927 2559 presente
943 2495 1220 2558 infiniment
1232 2496 1349 2562 plus

324 2573 510 2623 d'exces
551 2580 765 2623 enormes
816 2577 958 2641 qu’on
994 2594 1056 2624 en
1089 2581 1350 2626 trouverait

326 2658 449 2707 dans
474 2667 622 2706 toutes
649 2658 713 2707 les
731 2660 1031 2707 monarchies
1049 2660 1348 2711 cliretiennes

324 2744 495 2811 depuis
514 2763 604 2810 que
624 2745 664 2793 le
696 2743 1071 2795 Christianisme
1092 2748 1237 2812 reyne
1261 2765 1349 2795 sur

324 2827 364 2875 le
391 2837 527 2878 terre.
559 2828 698 2877 Cous.
738 2831 1073 2879 eruditissimus
1112 2832 1164 2880 P.
1190 2831 1346 2880 Baltus

323 2912 373 2957 in
390 2928 526 2975 opere
539 2910 579 2956 J
579 2921 799 2976 uqement
818 2913 896 2960 cles
914 2910 1008 2963 SS.
1029 2913 1179 2961 Peres
1196 2932 1282 2962 sur
1299 2914 1345 2961 la

322 2992 503 3040 morale
542 2993 600 3041 de
646 2995 697 3041 Za
737 2994 1040 3062 philosophie
1072 3001 1291 3063 paienne
1324 3033 1339 3056 ‚

238 3084 240 3086 ’
324 3075 597 3142 ,Strasbourg
637 3093 792 3144 1719,
831 3079 910 3127 ch.
961 3081 1015 3128 13
1057 3091 1099 3128 et
1125 3098 1254 3147 seqq.
1295 3090 1346 3128 ut

322 3161 520 3224 quisque
536 3160 769 3226 intelligat
785 3177 927 3226 quam
944 3164 1178 3227 depravati
1196 3182 1345 3213 mores

319 3252 470 3290 essent
490 3245 585 3290 sive
612 3243 788 3308 publici
822 3247 916 3294 sive
948 3249 1109 3310 privati
1132 3250 1182 3295 in
1214 3250 1343 3296 omni

322 3327 550 3373 societatis
583 3326 777 3389 ordine,
818 3330 1046 3392 quamdiu
1080 3331 1236 3396 religio
1259 3349 1343 3395 pa-

317 3424 435 3471 gana
462 3410 622 3472 viguit.

389 3490 458 3555 (2)
486 3491 900 3557 Eloquentissime,
932 3504 983 3541 ut
1010 3495 1140 3543 solet.
1169 3494 1219 3544 S.
1250 3495 1342 3545 Leo

322 3572 389 3622 Μ.
406 3591 607 3623 romanae
625 3573 752 3623 urbis
768 3576 1082 3625 conditionem
1100 3596 1153 3625 ac
1177 3581 1338 3643 vigen-

323 3665 414 3704 tem
433 3660 643 3707 omnium
660 3660 875 3707 vitiorum
890 3677 943 3708 ac
956 3663 1338 3725 superstitionum

1433 2247 1681 2295 colluviem
1705 2279 1718 2304 ‚
1755 2263 1864 2293 cum
1896 2246 1955 2294 ad
1993 2263 2095 2294 eam
2127 2245 2177 2294 S.
2215 2245 2377 2294 Petrus
2411 2264 2459 2296 se

1432 2327 1630 2377 contulit
1647 2364 1662 2388 ,
1689 2332 1880 2393 exponit
1916 2346 1931 2377 ε
1970 2330 2081 2376 Hic
2099 2365 2111 2387 ‚
2144 2331 2300 2395 inquit
2318 2365 2331 2388 ‚
2354 2346 2461 2377 con·

1431 2410 1678 2460 culcandoe
1706 2411 2029 2478 philosophice
2058 2413 2342 2478 opiniones,
2380 2411 2460 2459 hic

1430 2493 1744 2543 dissoluendae
1788 2503 1925 2542 erant
1970 2503 2172 2542 terrenae
2203 2496 2460 2562 sapientioe

1431 2580 1675 2626 vanitates
1696 2616 1709 2639 ‚
1741 2578 1822 2626 hic
1865 2579 2158 2643 confutandi
2180 2579 2459 2628 doemonum

1428 2661 1584 2710 cultus
1610 2701 1622 2723 ‚
1643 2661 1722 2710 hic
1742 2664 1963 2710 omnium
1979 2662 2347 2726 sacrileqiorum
2364 2663 2459 2710 im·-

1425 2747 1581 2811 pietas
1605 2745 1892 2792 destruenda
1915 2782 1928 2801 ,
1962 2745 2048 2792 ubi
2081 2743 2459 2808 dilt‘yentissima

1427 2830 1767 2894 superstitione
1836 2827 2102 2877 habebatur
2156 2827 2400 2875 collectum
2439 2866 2453 2887 ‚

1427 2912 1663 2977 quidquid
1686 2929 1891 2977 usquam
1906 2912 2073 2975 fuerat
2103 2911 2245 2959 vanis
2278 2912 2453 2958 errori-

1427 2995 1515 3042 bus
1560 2996 1900 3043 institutum...
1941 2991 2138 3043 Silvam
2171 2995 2316 3041 istam
2349 2992 2452 3057 fre-

1428 3080 1663 3126 mentium
1678 3077 1961 3134 bestiarum,
1971 3085 2015 3126 et
2023 3075 2450 3125 turbulentissimae

1419 3162 1774 3227 profunditatis
1826 3176 2058 3209 oceanum
2104 3161 2404 3208 constantior
2430 3194 2447 3219 ,

1426 3262 1578 3311 quam
1607 3261 1717 3293 oum
1733 3260 1882 3309 supra
1899 3260 2032 3291 mare
2043 3244 2315 3307 qradereris
2336 3278 2351 3298 ,
2368 3243 2448 3288 in-

1423 3327 1639 3391 9rederis
1665 3323 1857 3390 (Serm.
1889 3326 1946 3374 de
1975 3326 2069 3374 SS.
2094 3329 2263 3392 Apost.
2301 3326 2449 3373 Petro

1426 3419 1471 3459 et
1514 3408 1727 3474 Paulo).
1772 3409 1886 3475 Quis
1920 3428 2055 3475 porro
2094 3411 2192 3460 haec
2231 3411 2388 3458 omnia
2422 3426 2448 3455 a

1427 3511 1617 3543 romana
1648 3492 1764 3541 urbe
1789 3494 2043 3543 eradicavit
2057 3495 2146 3542 nisi
2174 3492 2270 3541 sola
2293 3490 2448 3538 catho-

1422 3578 1509 3626 lica
1530 3577 1687 3641 religio
1704 3579 1728 3623 ?
