2554 4140
788 204 911 242 car.
958 201 1021 239 ιι.
1068 203 1137 238 ns
1178 201 1394 240 Nucuss,
1443 201 1573 240 ην.
2165 179 2240 238 27

133 349 469 409 laberentur
484 347 574 426 (1)
598 344 671 404 ob
692 342 932 404 unitatis
947 360 1013 399 ae
1034 358 1347 399 consensus
1364 338 1658 399 defectum
1677 366 1693 414 τ,
1721 340 1974 423 impares
1990 343 2242 424 proinde

134 468 194 507 se
237 444 564 505 reddebant
592 441 669 501 ad
704 437 935 521 propria
971 433 1183 516 placita
1218 432 1450 514 populis
1489 434 1810 494 suadenda.

215 541 313 600 74.
366 542 444 599 Ex
472 537 698 597 defectu
730 534 969 611 insuper
1007 531 1388 586 auctoritatis
1404 550 1423 592 ;
1455 529 1764 588 auctoritas
1796 533 1953 590 enim
1977 533 2087 591 ista
2122 555 2243 593 non

141 648 262 697 erat
279 635 648 716 personalis,
673 637 761 684 ut
796 636 957 706 patet
982 667 1000 699 ‚
1042 643 1176 681 cuin
1211 620 1374 679 nulla
1411 632 1697 702 potestate
1731 625 1793 681 in
1829 628 2073 708 populos
2112 630 2243 711 pol-

135 732 327 791 lerent
354 775 370 804 ‚
412 749 533 787 non
558 722 912 782 doctrinalis
925 762 946 790 ,
983 717 1270 798 siquidem
1306 715 1382 774 ad
1423 737 1723 775 summum
1754 718 2020 781 doctrina
2059 727 2121 783 in
2157 726 2245 785 sui

139 825 583 886 admirationem
621 814 866 898 populos
898 813 1221 895 rapuisset,
1269 832 1393 869 non
1429 831 1568 870 vero
1609 810 1685 870 ad
1718 811 2103 894 relinquenda
2142 841 2244 878 cu·-

139 920 449 1004 piditatum
469 913 893 973 oblectamenta
913 954 928 982 ,
972 905 1182 989 quibus
1202 906 1376 964 nimis
1393 904 1833 966 abducebantur
1854 952 1870 982 7
1901 908 2244 973 induxisset.

136 1018 265 1076 Non
301 1012 520 1081 realis,
571 1030 694 1067 non
746 1004 962 1087 quaevis
1015 1002 1124 1061 alia
1150 1047 1165 1076 ,
1213 1022 1328 1083 qua
1379 1015 1613 1082 semper
1668 1001 1934 1062 destituti
1982 1005 2240 1066 fuerunt.

139 1106 370 1170 Accedit
395 1105 574 1164 nimia
604 1123 807 1163 eorum
842 1097 1079 1158 facilitas
1115 1097 1178 1155 in
1214 1117 1336 1156 sese
1373 1097 1875 1170 accommodando,
1893 1100 2247 1181 populorum

139 1198 643 1285 superstitionibus
671 1243 686 1272 .,
730 1197 851 1257 sive
886 1194 961 1253 ad
1013 1213 1214 1252 eorum
1242 1213 1306 1250 ac
1347 1193 1790 1272 magistratuum
1830 1195 2152 1257 vindictam
2185 1210 2245 1258 et

138 1320 344 1380 poenas
372 1292 779 1366 declinandaS‚
821 1291 944 1352 sive
981 1287 1055 1347 ad
1088 1288 1322 1368 propria
1365 1288 1671 1348 commoda
1702 1290 1919 1350 tuenda
1944 1336 1960 1366 ‚
2000 1293 2144 1353 adeo
2181 1305 2248 1352 ut

138 1407 419 1476 tanquam
448 1393 510 1450 in
545 1390 751 1468 dogma
777 1383 1064 1446 erexerint
1097 1382 1449 1464 principium
1474 1382 1549 1443 de
1577 1387 2114 1448 accommodatione
2134 1390 2247 1471 (2).

209 1585 273 1649 (l)
302 1584 440 1633 Cous.
461 1581 685 1630 Histoire
700 1580 941 1643 compares
957 1574 1037 1622 des
1051 1590 1156 1638 sys-

142 1669 286 1715 temes
324 1666 380 1713 de
391 1662 688 1731 philosophie
708 1659 977 1709 consideres
992 1655 1155 1704 relati-

145 1767 245 1797 vem
251 1757 330 1796 ent
341 1747 693 1812 auchrincipes
702 1743 782 1790 des
792 1741 1156 1789 connaissances

153 1831 441 1890 humaines,
480 1846 562 1893 par
603 1826 671 1874 Μ.
707 1825 951 1886 Gerand03
978 1825 1030 1869 in
1063 1836 1156 1886 qua

154 1923 313 1961 auctor
363 1913 569 1978 quinque
623 1907 920 1973 philosophiae
966 1902 1158 1968 epochas

155 1994 422 2059 distinguit,
457 2008 652 2057 quarum
682 1998 725 2038 1³
745 1990 906 2052 incipit
924 1985 1156 2035 aThalete

155 2086 199 2124 et
226 2076 390 2124 desinit
413 2077 464 2121 in
490 2072 781 2135 Protagoram
803 2107 815 2129 ‚
850 2068 932 2135 qui
955 2069 1047 2116 suis
1082 2083 1156 2113 so-

152 2155 454 2221 phismatibus
469 2154 665 2202 dubium
682 2154 798 2199 circa
814 2151 968 2198 omnia
983 2157 1152 2197 movet.

150 2239 303 2286 Altera
327 2237 491 2301 incipit
507 2254 532 2283 a
558 2233 740 2282 Socrate
758 2270 770 2292 ‚
802 2234 883 2295 qui
913 2232 1048 2294 coepit
1064 2231 1155 2277 im-

148 2336 347 2386 pugnare
387 2320 764 2382 scepficisrnum,
802 2331 942 2380 quem
987 2313 1155 2377 excipit

145 2401 350 2468 Pyrrho,
390 2403 471 2467 qui
495 2399 711 2467 eumdem
742 2406 947 2446 renovat.
973 2394 1154 2444 Deinde

145 2484 372 2549 Epicurus
390 2484 515 2532 venit
540 2499 647 2530 cum
670 2483 763 2529 suis
784 2480 1019 2545 principiis
1036 2478 1150 2544 phy·

144 2568 248 2615 sicis
277 2563 578 2629 moralitatis}
609 2576 762 2630 postea
793 2564 999 2628 sequitur
1029 2560 1152 2609 Zeno

144 2665 250 2696 cum
290 2665 370 2696 suo
398 2648 491 2696 fato
510 2684 523 2706 ‚
552 2665 691 2713 quem
733 2656 990 2714 sequuntur
1018 2645 1153 2692 Arce·

142 2730 279 2778 silaus
309 2741 353 2778 et
378 2729 635 2778 Carneades
656 2766 669 2789 ‚
706 2732 788 2795 qui
823 2729 966 2776 finem
994 2730 1148 2791 impo-

139 2822 259 2861 nunt
297 2812 408 2860 huic
450 2811 651 2876 epocbae.
701 2811 750 2859 3²
789 2809 975 2876 Epocha
1021 2827 1150 2858 com-

139 2893 353 2958 plectitur
400 2894 403 2897 ’
433 2892 771 2941 vicissitudines
848 2891 1147 2957 philosophia:

139 2972 294 3023 Romae
315 2985 360 3024 et
382 2973 671 3023 Alexandriae
695 2992 840 3041 usque
863 2974 922 3022 ad
943 2985 1040 3022 saec.
1063 2990 1113 3020 V1
1133 3010 1146 3030 ,

142 3072 234 3120 quo
263 3074 400 3104 omne
428 3057 728 3122 philosophiae
758 3056 961 3104 studium
981 3055 1149 3104 barba-

137 3139 201 3184 rie
230 3140 575 3202 superveniente
593 3141 894 3204 extinguitur.
920 3135 978 3200 4³
1005 3138 1146 3187 Com-

138 3219 380 3283 prehendit
402 3221 449 3268 id
479 3227 634 3270 totum
666 3225 883 3288 temporis
911 3225 1111 3287 spatium
1131 3259 1144 3282 ‚

139 3300 264 3365 quod
314 3318 340 3348 a
381 3303 547 3351 saeeulo
586 3321 635 3352 VI
677 3304 736 3352 ad
790 3316 862 3352 xvi
908 3301 1145 3367 protendi·

135 3392 227 3430 tur.
257 3380 307 3432 5ἷι
357 3381 547 3432 Initium
571 3385 700 3433 ducit
729 3404 755 3433 a
787 3386 932 3434 tribus
957 3388 1149 3435 summis

135 3462 513 3512 reformatoribus
530 3503 543 3526 ‚
561 3465 744 3516 Bacone
761 3469 810 3515 in
831 3466 989 3532 Angiia
1009 3502 1024 3530 ,
1046 3466 1150 3517 Car·

137 3547 249 3593 tesio
275 3547 324 3594 in
351 3545 535 3606 Galliis,
561 3547 817 3598 Leibnitzio
842 3553 890 3598 in
905 3549 1146 3600 Germania

141 3642 195 3673 ac
223 3627 302 3677 ad.
321 3627 547 3676 Kantium
594 3648 735 3696 usque
776 3634 1020 3697 pertingit,
1065 3634 1145 3699 qui

136 3704 387 3771 Baconem,
403 3709 655 3759 Cartesium
671 3729 724 3760 ac
738 3712 1043 3763 Leibnitzium
1062 3717 1143 3762 im·

1237 1585 1385 1623 mutat
1398 1611 1413 1636 ‚
1445 1580 1697 1643 statuitque
1711 1580 2050 1646 philosophiam
2065 1585 2250 1648 experi-

1236 1659 1418 1717 menti,
1462 1670 1505 1707 et
1552 1662 1607 1708 ad
1653 1659 1780 1710 hanc
1825 1665 2026 1729 appellat
2066 1676 2246 1715 auctor.

1236 1738 1318 1785 Ast
1359 1758 1515 1790 nonne
1547 1746 1712 1792 rectius
1741 1756 1839 1809 post
1872 1753 1942 1795 tot
1980 1749 2149 1797 saecula
2187 1748 2246 1797 ab

1236 1819 1322 1868 hac
1342 1822 1400 1868 ad
1422 1840 1756 1872 exserunt-:urum
1782 1844 2071 1876 annosorum
2097 1841 2248 1895 posset

1238 1901 1488 1966 appellari?
1503 1905 1652 1960 Eccur
1666 1925 1762 1955 non
1777 1910 1916 1957 simul
1928 1921 2125 1977 utraque
2142 1929 2247 1960 cou-

1233 1986 1442 2048 jungitur
1455 2024 1468 2045 ‚
1498 1985 1841 2055 religiofnempe
1858 2008 1912 2039 ac
1925 1992 2215 2057 philosophia
2230 2029 2244 2054 ‚

1237 2076 1372 2127 prout
1403 2069 1452 2114 in
1483 2084 1564 2115 sua
1587 2072 1759 2134 origine
1788 2075 2046 2138 conjuncta}
2076 2079 2246 2123 erant?

1236 2145 1372 2194 Nous
1399 2147 1446 2196 la
1486 2167 1759 2213 reverrons,
1796 2156 1948 2219 inquit
1980 2155 2042 2203 cl.
2080 2155 2248 2205 Comes

1237 2227 1283 2277 J.
1299 2228 1368 2278 De
1382 2230 1587 2292 Maistre‚
1609 2232 1656 2281 la
1672 2235 1871 2299 superbe
1891 2235 2095 2284 alliance
2118 2237 2176 2284 de
2199 2238 2247 2285 la

1234 2311 1435 2376 reliqion
1461 2321 1507 2360 et
1537 2314 1594 2362 de
1618 2314 1664 2363 Ia
1690 2319 1873 2365 scr'ence
1890 2335 1911 2378 ;
1955 2317 2018 2365 ils
2054 2321 2245 2368 revien-

1234 2392 1371 2441 dront
1400 2411 1472 2442 ces
1501 2395 1654 2444 beaux
1676 2400 1823 2464 jours
1851 2399 1918 2447 du
1946 2399 2118 2448 monde
2136 2438 2149 2460 ,
2183 2403 2246 2449 οὐ

1234 2485 1357 2524 toute
1394 2478 1579 2526 sciense
1621 2483 1879 2528 remontait
1913 2483 1943 2530 ὰ
1982 2499 2037 2529 sa
2067 2499 2242 2532 source.

1233 2559 1453 2608 Traduct.
1484 2562 1546 2608 du
1578 2561 1729 2611 Traite
1762 2565 1819 2611 de
1850 2563 2096 2631 Plutarque
2134 2568 2245 2613 inti·-

1233 2645 1326 2691 tute
1358 2661 1372 2691 :
1407 2642 1511 2691 Des
1528 2644 1678 2692 delais
1707 2645 1762 2693 de
1792 2645 1838 2694 la
1852 2649 2037 2712 justice
2058 2648 2242 2695 divine.

1300 2726 1366 2790 (2)
1401 2726 1511 2775 Erat
1540 2731 1665 2776 enim
1687 2745 1940 2777 commune
1969 2731 2093 2794 apud
2119 2732 2244 2794 ipsos

1231 2819 1466 2871 receptum
1498 2809 1691 2859 effatum
1721 2827 1734 2857 :
1768 2809 2013 2879 Expedit-e
2045 2810 2159 2875 falli
2187 2812 2244 2858 in

1229 2888 1460 2952 relv'yz‘one
1471 2893 1704 2940 civitates-
1722 2891 1873 2957 Quare
1889 2891 2083 2958 August.
2105 2896 2243 2942 etiam

1230 2990 1283 3020 ex
1301 2972 1387 3021 hac
1400 2984 1526 3038 parte
1549 2981 1724 3023 veteres
1742 2977 1891 3040 arguit
1909 2975 2207 3041 philosophos
2226 3015 2241 3037 ‚

1230 3052 1311 3102 De
1330 3053 1434 3103 Civ.
1450 3055 1484 3105 l.
1515 3074 1580 3104 vn
1602 3095 1615 3116 ,
1635 3075 1736 3122 cap.
1765 3074 1821 3104 10
1846 3093 1863 3120 ,
1884 3057 1967 3105 ubi
1986 3058 2043 3106 de
2070 3058 2244 3107 Seneca

1230 3138 1387 3185 scribit
1414 3155 1426 3186 ε
1463 3137 1677 3200 Colobat‚
1710 3139 1838 3204 quod
1858 3138 2242 3205 reprehendebat3

1228 3219 1396 3283 aqebat
1407 3257 1419 3280 ,
1435 3220 1561 3285 quod
1575 3221 1803 3286 arquebat
1818 3237 1831 3283 3
1849 3221 1975 3285 quod
1987 3221 2238 3287 culpabat,

1228 3302 1474 3350 adorabat.
1502 3303 1578 3351 Sic
1604 3306 1743 3351 etiam
1784 3303 2021 3369 Epictetus
2038 3341 2052 3364 ‚
2083 3302 2240 3353 ΕἠοΙι.

1229 3401 1330 3448 cap.
1344 3381 1427 3445 38,
1443 3387 1656 3450 principii
1670 3386 1771 3434 loco
1786 3386 2012 3434 statuebat
2032 3402 2044 3432 :
2067 3385 2245 3432 Libare

1227 3473 1387 3513 autem
1412 3473 1458 3513 et
1474 3467 1749 3531 sacrificare
1775 3466 2041 3515 secundum
2054 3467 2243 3532 patrios

1229 3564 1379 3595 mores
1419 3564 1800 3613 unmnquemque
1837 3548 1984 3596 decet.
2027 3544 2239 3595 Σπένδειν

1231 3626 1284 3677 δὲ
1320 3626 1399 3678 καὶ
1428 3628 1533 3679 Θῦειν
1575 3628 1651 3678 και)
1691 3629 1990 3696 οἱποῖρχεο-θοιι
2022 3626 2145 3679 zaro?
2181 3623 2244 3677 τοῖ

1227 3709 1425 3777 om'rpm,
1467 3709 1679 3765 {aalma}
1713 3709 1938 3778 wpocrn'xee.
