2554 4140
276 141 398 199 252

905 158 971 192 DE
1014 155 1167 195 VERA
1213 155 1335 194 nm„
1379 154 1512 197 ADV·
1559 158 1760 197 HETER·

277 303 459 362 cludit
496 325 508 361 :
540 301 680 360 Hac
709 302 859 357 serie
894 308 951 356 ec
981 303 1376 370 successione,
1420 309 1551 357 tum
1586 300 1835 358 traditio
1872 301 2287 380 Apostolorum
2318 309 2389 363 in

278 400 574 464 Ecclesia,
613 405 745 452 cum
769 394 1130 472 proedicacio
1167 395 1252 452 aol
1283 415 1388 452 nos
1433 415 1616 472 usque
1648 398 1932 474 pervenit
1962 393 2073 476 (l).

363 489 499 550 103.
548 488 943 549 Tertullianus
976 487 1113 549 licet
1137 494 1264 568 jam
1302 489 1657 548 Montanista
1692 500 1861 550 vocat
1888 491 2218 549 Romanum
2242 493 2397 551 Pon—

279 587 495 645 tificem
538 586 916 665 Episcopum
972 586 1413 664 Episcoporum
1460 585 1548 663 (2)
1580 629 1596 659 ,
1666 605 1792 666 quae
1850 585 2250 644 denominatio
2306 586 2401 646 vel

280 682 613 741 communis
644 692 768 741 erat
791 680 853 738 in
879 679 1120 739 Ecclesia
1140 680 1213 739 ad
1231 678 1655 759 designandum
1674 682 2005 738 Romanum
2026 680 2364 740 Pontificem
2383 725 2399 755 ‚

282 778 378 838 vel
416 776 626 836 saltem
654 775 727 834 ab
773 775 1046 834 omnibus
1082 775 1334 834 admissa
1372 786 1497 833 erat
1527 797 1799 856 suprema
1828 776 2075 834 Romani
2107 775 2403 835 Pontificis

293 874 605 932 auctoritas
645 873 706 930 in
746 872 1081 933 universam
1116 869 1425 928 Ecclesiam
1448 915 1465 945 ,
1510 871 1636 952 ipso
1677 870 1996 931 adnotante
2035 871 2241 952 Fleury
2275 870 2402 954 (3),

282 967 379 1026 illa
420 967 901 1027 denominatione
941 965 1258 1044 designata.

368 1064 504 1123 104.
555 1064 832 1142 Origenes
854 1082 1041 1119 unum
1062 1060 1338 1139 idemque
1362 1079 1485 1118 esse
1514 1059 1768 1119 affirmat
1794 1073 2023 1143 petram
2057 1084 2155 1121 seu
2192 1064 2408 1121 Roma-

286 1180 433 1218 num
473 1158 815 1217 Pontificem
848 1167 909 1215 et
952 1153 1297 1226 Ecclesiam,
1346 1152 1544 1212 scribit
1586 1155 1744 1212 enim
1790 1178 1803 1213 ε
1851 1158 1953 1216 An
1994 1161 2175 1236 quasi
2215 1179 2407 1216 unam

282 1255 664 1332 eamdemque
708 1273 835 1309 rem
866 1261 1112 1330 petram
1155 1261 1211 1307 et
1249 1248 1582 1308 Ecclesiam
1624 1248 1926 1327 (Christus
1960 1251 2236 1332 posuit)'?
2281 1254 2410 1312 Hoc

283 1370 492 1407 verum
514 1352 788 1406 emistimo
803 1370 823 1414 ,·
852 1367 957 1405 nec
984 1351 1148 1404 enim
1173 1345 1459 1404 adversus
1472 1354 1744 1424 petram,
1779 1366 1964 1423 super
1981 1367 2168 1424 quam
2201 1347 2407 1408 Chris-

289 1456 385 1504 tus
429 1446 766 1505 Ecclesiam
810 1443 1102 1522 oedificat,
1145 1462 1253 1501 uec
1295 1442 1584 1499 adversus
1625 1441 1960 1500 Ecclesiam
1991 1452 2186 1520 portoe
2224 1445 2414 1521 inseri

278 1542 707 1622 praevalebunt
754 1538 862 1619 (4).

375 1635 514 1695 105.
564 1637 623 1694 S.
665 1634 986 1716 Cyprianus
1011 1644 1180 1693 vocat
1217 1631 1528 1691 Ecclesiam
1561 1633 1884 1692 Romanam
1912 1635 2194 1692 Ecclesiae
2227 1636 2415 1694 catho-

287 1735 418 1791 licoe
449 1732 717 1792 radicem
744 1741 799 1788 et
829 1733 1145 1788 matricem
1169 1728 1262 1807 (5)
1281 1772 1297 1803 ,
1329 1740 1387 1787 et
1413 1730 1743 1786 Romanum
1768 1729 2109 1789 Pontificem
2136 1730 2415 1791 Ecclesioe

289 1832 481 1886 unius
517 1836 701 1906 caput
738 1836 794 1884 et
830 1826 1094 1884 radicem
1147 1823 1269 1902 (6),
1315 1835 1375 1883 et
1417 1822 1557 1883 alibi
1585 1846 1833 1894 *rursum
1878 1837 2045 1884 vocat
2089 1827 2414 1886 Romanam

289 1922 599 1982 Ecclesiam
669 1922 1008 1982 Ecclesiam
1065 1921 1480 2001 principalem
1505 1967 1521 1989 ‚
1576 1921 1737 1979 unde
1795 1921 1987 1980 unitas
2045 1921 2415 1982 sacerdotalis

290 2029 495 2078 exorta
543 2029 627 2078 est
656 2017 766 2100 (7).

361 2198 426 2261 (1)
467 2196 647 2246 Contra
663 2184 893 2258 haereses,
926 2197 1012 2245 lib.
1039 2213 1118 2257 111,
1153 2213 1256 2262 cap.
1288 2213 1316 2244 2

291 2289 452 2345 etseq.

362 2361 429 2424 (⁶2)
468 2361 575 2409 Lib.
608 2360 688 2409 De
694 2359 971 2426 pudicitia,
998 2378 1097 2426 cap.
1126 2379 1144 2410 1
1169 2379 1181 2409 ε
1204 2361 1318 2410 Au-

292 2442 374 2491 dio
402 2442 610 2490 edictum
654 2460 751 2490 esse
777 2444 1079 2509 propositum
1101 2481 1113 2504 ‚
1145 2452 1187 2490 et
1206 2445 1317 2508 qui-

295 2525 400 2573 dem
424 2525 803 2591 peremptorium
826 2545 841 2571 .·
871 2521 1102 2590 Pontifhoe
1138 2525 1321 2573 scilicet

294 2607 552 2654 Maximus
571 2645 584 2667 ‚
615 2606 741 2671 quod
771 2616 837 2655 est
854 2606 1131 2673 Episcopus
1162 2607 1318 2673 Epis-

294 2705 518 2755 coporum
539 2726 553 2748 ‚
590 2688 737 2736 edicit
760 2709 778 2737 .·
816 2705 897 2754 eqo
931 2698 974 2737 et
1018 2689 1235 2740 moechiae
1275 2695 1323 2740 et

290 2771 634 2836 fornicationis
665 2770 838 2820 delicta
865 2774 1157 2837 poenitentia
1170 2775 1318 2838 sunc-

295 2857 357 2903 tis
389 2855 595 2904 dimitto.
620 2854 747 2904 Edit.
772 2854 974 2920 Rigaltii.

366 2937 432 3002 (3)
469 2938 581 2987 Vid.
610 2938 747 2986 Hist.
778 2937 936 2988 eccles,
960 2939 1040 2987 liv.
1075 2958 1122 2988 v.
1156 2958 1208 2988 n.
1232 2935 1317 3002 46.

299 3019 445 3070 Paris.
476 3020 634 3086 1713,
655 3020 737 3068 ubi
758 3023 823 3069 sic
850 3021 1038 3070 scribit:
1056 3021 1148 3069 Les
1163 3018 1320 3088 Papes

298 3119 359 3150 ne
379 3106 638 3168 prenaient
656 3104 796 3168 point
823 3102 948 3151 alors
987 3120 1062 3151 ces
1086 3106 1219 3152 titres
1241 3138 1256 3165 ‚
1277 3115 1322 3153 et

299 3183 410 3231 o'est
446 3201 544 3249 par
588 3187 746 3233 ironic
798 3202 886 3250 que
940 3185 1209 3234 Tertullien
1255 3185 1321 3234 les

302 3264 408 3313 leur
430 3265 587 3313 donne
603 3283 623 3327 ,⁰
644 3268 769 3315 mais
784 3276 899 3315 cette
924 3267 1135 3316 raillerie
1155 3270 1234 3316 eut
1253 3272 1320 3316 όιέ

304 3363 419 3394 sans
439 3347 749 3410 fondement,
788 3351 834 3396 si
863 3349 904 3397 Ie
922 3352 1061 3416 Papo
1097 3350 1229 3398 n'eut
1254 3355 1322 3398 ete

303 3446 361 3476 en
389 3430 495 3496 effet
522 3429 719 3494 reqarde
743 3446 843 3495 par
880 3440 984 3479 tous
1024 3431 1088 3479 les
1119 3431 1320 3480 catholi-

269 3536 272 3542 ¹
308 3528 421 3576 ques
447 3528 624 3561 comme
659 3511 701 3559 le
728 3512 845 3576 chef
858 3512 915 3559 de
947 3513 995 3560 la
1039 3514 1245 3579 relz‘qion
1281 3523 1324 3562 et

304 3592 345 3640 le
371 3602 571 3659 pasteur
594 3594 674 3642 des
698 3592 913 3659 Eveques
938 3597 1129 3648 memes.
1169 3594 1221 3643 Il
1252 3596 1325 3644 lui

304 3676 461 3725 donne
503 3680 690 3727 ensuite
729 3676 793 3725 les
832 3679 964 3725 titres
1004 3677 1059 3725 de
1099 3674 1231 3743 Pape
1282 3687 1326 3726 et

1399 2194 1758 2262 d'Apostolique
1793 2214 1882 2262 que
1917 2196 1982 2245 les
2019 2196 2307 2263 catholiques
2345 2197 2421 2246 lui

1401 2276 1687 2328 donnaient.

1469 2361 1533 2424 (4)
1567 2357 1629 2407 e'H
1655 2362 1710 2412 ὦς
1742 2358 1830 2414 ivis·
1862 2359 1939 2409 καὶ
1971 2367 2050 2410 τοῦ
2074 2364 2207 2411 αᾶτοὶἷ
2235 2367 2317 2417 τῖἷς
2338 2359 2420 2410 πί-

1399 2463 1533 2508 τραις,
1566 2440 1644 2490 καὶ
1682 2448 1759 2498 τῆς
1803 2441 2080 2508 ἐκκλησίαις-5
2118 2450 2246 2493 τοῦτο
2281 2442 2328 2492 δ’
2357 2441 2418 2492 οἷ-

1400 2546 1486 2587 μαιι
1532 2522 1709 2579 αἰληθὲς
1752 2524 2026 2589 τυγχάνειν,
2071 2524 2167 2575 οὔτε
2210 2523 2298 2593 γοὶρ
2338 2531 2419 2582 τῆς

1401 2604 1595 2674 πέτροις,
1632 2609 1700 2669 ἐφ’
1735 2606 1786 2675 ᾖς
1825 2610 1843 2657 o‘
1874 2605 2062 2675 χρισ-τδς
2087 2606 2320 2672 οἰκοδομεῖ
2339 2605 2419 2663 τᾶν

1404 2687 1675 2750 {nahmi-lm,
1726 2686 1820 2739 οὔτε
1858 2697 1941 2746 τῆς
1986 2688 2233 2746 ἐκκλησίαις
2277 2689 2418 2740 πόλου

1400 2768 1516 2841 ᾅδου
1543 2771 1914 2835 κατασχών-συσίν.
1941 2774 2078 2823 Tom.
2103 2792 2165 2823 ΧΠ
2184 2777 2234 2822 in
2251 2774 2416 2823 Matth.

1400 2875 1451 2904 n.
1479 2874 1496 2905 1
1514 2874 1529 2904 1
1546 2892 1558 2905 .
1579 2857 1723 2907 Cons.
1739 2868 1956 2923 praeterea
1973 2858 2209 2918 eumdem,
2226 2857 2421 2920 Hom.v,

1400 2941 1457 2987 in
1488 2938 1642 2987 Exod.
1671 2958 1719 2987 n.
1748 2938 1811 3003 4,
1846 2940 1927 2988 ubi
1952 2942 2015 2988 ait
2039 2957 2052 2988 :
2090 2938 2222 2988 Vide
2248 2956 2420 3004 maqno

1402 3021 1475 3069 illi
1524 3020 1755 3071 Ecclesioe
1803 3022 2124 3085 fundamento
2197 3030 2242 3069 et
2272 3029 2424 3087 petrae

1399 3103 1727 3166 solidissimae,
1752 3121 1895 3170 super
1908 3122 2051 3169 quam
2068 3104 2290 3154 Christus
2302 3105 2426 3169 fun-

1401 3186 1536 3235 davit
1567 3186 1838 3236 Ecclesiam
1860 3221 1876 3248 ‚
1915 3187 2037 3251 quid
2066 3187 2261 3235 dicatur
2279 3204 2310 3235 a
2338 3187 2421 3234 do·

1401 3272 1533 3317 mc'no
1564 3289 1582 3317 :
1611 3268 1809 3317 modicoe
1841 3307 1854 3329 ‚
1891 3270 2083 3334 inquit,
2120 3269 2240 3335 fidei
2280 3284 2426 3335 quare

1402 3352 1642 3400 dubitasti
1657 3355 1681 3398 ?

1472 3433 1541 3497 (5)
1579 3432 1719 3497 Epist.
1757 3427 1852 3491 45,
1890 3433 1949 3480 ad
1987 3432 2130 3483 Corn.

1475 3514 1541 3577 (6)
1578 3515 1723 3579 Epist.
1757 3515 1819 3580 73
1840 3553 1852 3575 ,
1879 3514 1939 3563 ad
1968 3515 2081 3564 Jub.

1476 3595 1542 3660 (7)
1581 3595 1732 3661 Epist.
1767 3594 1831 3645 55
1858 3635 1870 3657 ,
1910 3598 1967 3645 ad
1990 3596 2131 3646 Corn.
