2554 4140
2003 99 2123 158 225

517 119 666 157 PROP.
714 120 800 156 111.
847 118 919 157 DE
962 120 1112 158 EGCL.
1161 119 1275 156 SOL.
1325 120 1437 157 llvr.
1486 119 1615 159 REV-

28 263 246 323 libilem
282 273 452 343 atque
489 273 997 344 perpetuam'esse
1045 259 1255 321 divinae
1296 260 1406 320 sibi
1447 261 1673 321 traditae
1717 261 2085 322 revelationis
2106 308 2123 336 .,

28 381 150 417 non
163 368 357 416 autem
375 357 630 435 privatos
646 357 911 415 homines
922 398 940 430 ‚
956 351 1173 434 'quibus
1187 373 1418 435 semper
1436 354 1685 417 obedien
1693 356 1768 415 tia
1781 356 2125 437 injungitur,

27 453 88 510 in
127 452 300 511 rebus
327 451 653 533 praesertim
673 450 808 508 fidei
826 468 908 518 >ac
932 467 1194 519 morum,
1237 447 1349 506 nisi
1379 448 1567 509 velint
1608 448 1680 508 ab
1719 450 1966 516 Ecclesia
2003 452 2128 530 ipsa

29 562 285 605 extorres
316 546 435 605 fieri
455 591 471 620 7
512 555 571 604 et
596 542 801 603 haberi
833 541 895 600 in
919 559 1097 598 censu
1119 538 1485 599 ethnicorum
1511 552 1570 601 et
1593 542 2038 622 publicanorum
2064 566 2130 605 ac

27 640 444 701 haereticorum.
673 658 677 661 ’
733 688 735 692 ,
2039 705 2041 707 .

108 736 206 795 40.
249 733 557 806 Revelatioj
578 740 774 790 autem
811 727 1029 809 partim
1064 728 1291 808 scriptis
1337 727 1674 807 consignata
1721 732 1831 792 fuit
1858 777 1876 807 .‚
1915 736 2132 815 partim

29 831 160 891 viva
186 850 327 890 voce
354 824 729 896 transmissa,
762 826 932 900 juxta
967 820 1115 880 illud
1148 821 1404 903 Apostoli
1441 845 1455 881 ε
1505 823 1709 883 Tenete
1745 829 2132 900 traditiones,

27 946 176 1002 quas
202 924 531 993 didicistis,
566 922 686 976 sive
711 938 825 995 per
850 937 1214 987 sermonem,
1234 922 1366 991 ‘sive
1383 938 1503 996 per
1525 920 1830 997 epeetolam
1866 933 2135 983 nostram

28 1020 51 1094 (
74 1021 123 1093 Il
148 1017 353 1078 Thesss
384 1016 434 1074 ΙΙ
456 1059 472 1088 a
516 1012 589 1071 15
618 1013 661 1093 ).
710 1012 860 1070 Hinc
894 1012 951 1069 S.
987 1013 1246 1086 Joannes
1275 1011 1343 1070 in
1363 1011 1684 1092 Evangelio
1716 1035 1840 1095 cap.
1882 1014 1994 1074 ult.
2028 1016 2137 1076 de—

29 1113 206 1172 clarat
242 1131 303 1170 se
344 1108 529 1169 multa
561 1107 817 1165 omisisse
845 1127 916 1164 ex
942 1106 1010 1165 iis
1041 1125 1167 1186 quae
1200 1106 1464 1174 Christus
1496 1107 1663 1182 fecit7
1698 1119 1757 1168 et
1790 1110 1856 1167 in
1883 1111 2139 1183 secunda

27 1227 91 1264 ac
120 1206 290 1264 tertia
318 1203 559 1286 epistola
590 1202 898 1283 profitetur
928 1221 989 1260 se
1009 1199 1181 1282 plura
1206 1199 1396 1259 adhuc
1417 1200 1722 1262 scribenda
1755 1201 1973 1265 habere
1992 1250 2008 1279 ‚
2034 1206 2140 1266 sed

26 1299 178 1359 velle
214 1300 393 1378 magis
417 1321 476 1357 os
495 1300 579 1356 ad
597 1318 657 1356 os
689 1297 856 1374 loqui
875 1295 898 1374 (
924 1296 975 1353 II
1003 1297 1175 1371 Joan.
1200 1296 1278 1353 12
1295 1341 1311 1371 .,
1348 1307 1408 1355 et
1433 1297 1513 1355 ΙΙΙ
1543 1298 1713 1357 Joan.
1750 1298 1826 1357 14
1849 1300 1892 1379 ).
1926 1299 2140 1361 Volens

26 1406 334 1476 propterea
385 1391 692 1475 Apostolus
734 1388 945 1447 Paulus
987 1388 1270 1471 quosdam
1303 1391 1698 1451 contentiosos
1737 1389 2138 1475 compescere,

28 1511 122 1548 eos
151 1500 425 1570 provocat
467 1486 541 1545 ad
578 1483 926 1560 contrariam
957 1483 1215 1544 Ecclesiae
1239 1488 1724 1546 consuetudinem
1750 1487 1947 1548 dicens
1975 1512 1989 1566 ;
2012 1490 2140 1558 Nos

28 1586 203 1643 talem
229 1583 713 1642 consuetudinem
744 1599 865 1637 non
893 1579 1175 1637 habemus
1188 1622 1209 1649 ,
1245 1601 1429 1659 neque
1462 1584 1731 1641 Ecclesia
1759 1585 1882 1642 Dei
1906 1584 2015 1663 (l).

112 1678 210 1737 41.
259 1677 387 1736 Sola
438 1677 650 1736 idcirco
701 1673 950 1734 Ecclesia
996 1696 1028 1732 a
1070 1673 1298 1751 Christo
1348 1675 1614 1736 instituta
1658 1689 1746 1737 est
1791 1679 2093 1760 utriusque
2118 1727 2136 1757 .,

30 1774 338 1855 Scripturas
369 1772 624 1833 vidilicet
650 1781 708 1831 et
736 1767 1062 1828 traditionis
1092 1767 1443 1850 depositaria
1469 1816 1486 1845 ‚
1513 1781 1700 1830 custos
1726 1782 1785 1831 et
1816 1772 2138 1841 infallibilis

29 1870 316 1949 interpres
350 1866 422 1926 ab
446 1867 573 1947 ipsa
606 1887 708 1924 sua
739 1863 1105 1922 institutione
1123 1909 1140 1936 ,
1175 1883 1239 1922 ac
1266 1862 1395 1922 talis
1425 1865 1537 1924 erit
1562 1888 1745 1948 usque
1773 1866 1849 1926 ad
1874 1866 2140 1930 consum-

30 1964 349 2022 mationem
391 1960 620 2035 saeculi,
650 1959 791 2041 quia·
818 1959 943 2040 ipsa
985 1978 1217 2040 semper
1258 1980 1424 2017 suam
1466 1959 1681 2021 retinet
1715 1963 2140 2044 possessionem

31 2077 95 2115 ac
129 2057 656 2139 praescriptionem,
687 2064 746 2114 et
777 2073 1008 2134 semper
1023 2050 1279 2112 habetin
1295 2054 1605 2136 semetipsa
1630 2055 1916 2136 legitimos
1939 2056 2138 2118 titulos

19 2173 167 2228 Jurls
184 2173 304 2211 (sui.

100 2374 163 2436 (l)
200 2373 450 2421 Ecclesiam
465 2374 623 2438 itaque
636 2389 731 2420 non
745 2371 958 2420 absolute
974 2387 1045 2418 sa-

31 2471 208 2502 crarum
224 2455 561 2520 Scripturarum
576 2457 816 2503 lectionem
829 2457 878 2502 in
888 2454 1045 2519 lingua

33 2537 272 2585 vernacula
300 2547 447 2585 vetare
482 2537 587 2584 filiis
627 2538 752 2596 suis,
783 2546 836 2582 nt
866 2536 1043 2583 calum-

33 2620 221 2666 niantur
250 2619 449 2667 haeretici
470 2656 482 2678 ,
516 2630 560 2665 ct
589 2628 691 2682 post
720 2619 842 2682 ipsos
878 2616 1058 2666 Jansew

34 2701 160 2746 nistae
187 2736 200 2757 ‚
234 2709 356 2764 patet
391 2717 442 2748 ex
484 2699 639 2763 regula
672 2715 727 2746 ιιι
761 2697 958 2746 Indicis
984 2697 1045 2745 Ιί-

34 2778 223 2828 brorum
247 2780 630 2845 prohibitorum;
663 2779 744 2828 sed
763 2796 869 2827 cum
903 2780 1046 2844 depo-

37 2862 188 2909 sitaria
206 2872 251 2910 et
269 2871 418 2910 custos
448 2860 594 2908 fidelis
619 2862 676 2908 sit
689 2877 925 2909 sacrorum
947 2861 1044 2909 elo-

38 2945 251 3008 quiorum
266 2946 350 3005 „in
369 2945 529 3008 primis
552 2952 669 2991 vetat
683 2945 913 2991 versiones
931 2959 1043 3008 quas

34 3029 131 3089 ipsa
157 3043 252 3074 non
277 3027 567 3088 recognovit,
598 3042 705 3073 cum
733 3026 784 3073 in
806 3027 1013 3074 versione
1029 3063 1045 3084 ,

40 3118 91 3156 ut
125 3117 284 3155 notum
321 3118 414 3162 est,
451 3110 589 3171 possit
627 3125 786 3156 sensus
816 3109 1046 3173 corrumpi

39 3190 159 3237 facili
187 3190 391 3253 negotio,
430 3184 823 3253 quemadmodum
851 3206 1043 3255 corrup-

42 3282 112 3319 tus
145 3281 210 3318 est
234 3273 284 3317 in
305 3279 370 3317 tot
399 3270 683 3320 versionibus
700 3271 1044 3332 haereticorum,

40 3370 236 3418 quarum
278 3351 535 3414 catalogum
575 3353 760 3405 exhibet
796 3354 966 3418 Lelong
998 3356 1047 3401 in

41 3452 122 3482 sua
164 3431 462 3481 Bibliotheca
507 3449 674 3493 sacra,
726 3435 908 3482 duobus
950 3436 1044 3483 vol.

43 3515 122 3563 fol.
165 3515 342 3563 Parisiis
390 3514 533 3579 1723.
572 3514 661 3563 Sed
705 3526 921 3579 praeterea
953 3554 966 3577 ‚
996 3534 1048 3565 ea

44 3599 219 3646 ratione
252 3615 343 3663 qua
373 3596 662 3658 infantibus,
696 3599 776 3663 qui
798 3597 916 3649 lacte
934 3617 1049 3666 opus

203 3676 267 3735 T.
318 3679 359 3736 Ι.

1122 2371 1296 2420 habent
1314 2409 1329 2431 ‚
1362 2372 1441 2421 sed
1469 2375 1775 2422 nutritionem
1812 2374 1986 2423 solidus
2007 2375 2137 2423 cibus

1123 2453 1437 2515 subtrahitur,
1468 2473 1528 2503 ne
1567 2457 1630 2504 eis
1671 2466 1873 2517 noceat,
1912 2457 2013 2505 vult
2041 2457 2131 2505 Ec-

1121 2535 1258 2584 clesia
1311 2547 1364 2583 ut
1406 2537 1777 2585 adnotationibus
1825 2547 1961 2603 atque
2001 2538 2138 2586 illus-

1120 2617 1396 2665 trationibus
1443 2618 1699 2666 difficiliora
1735 2619 1836 2666 loca
1884 2618 2135 2682 explanen-

1107 2710 1211 2752 ⁴tur.
1236 2697 1464 2747 Praeclare
1487 2698 1652 2747 Comes
1683 2698 1753 2747 De
1793 2698 1979 2746 Maistre
2012 2715 2026 2746 τ
2056 2698 2135 2754 La

1120 2780 1264 2828 douce
1279 2778 1505 2838 colombe‚
1539 2779 1739 2828 avolant
1767 2778 1962 2827 d’abord
1979 2788 2023 2827 et
2047 2782 2134 2828 tri-

1119 2869 1284 2909 turant
1306 2860 1475 2908 &demi
1488 2859 1529 2907 le
1540 2862 1690 2924 φαίη
1711 2859 1872 2925 qu'elle
1901 2860 2135 2911 distribue

1120 2945 1306 2991 ensuite
1322 2942 1353 2989 ὰ
1370 2959 1424 2990 sa
1450 2946 1620 2990 couvee
1639 2978 1654 3001 ‚
1677 2950 1744 2989 est
1775 2941 1962 3009 l’imaqe
1988 2952 2136 2992 natu-

1120 3023 1230 3073 relle
1244 3023 1306 3072 de
1336 3022 1540 3087 l’quiso
1556 3021 1837 3089 expliquane
1864 3026 1964 3072 auio
1974 3024 2140 3088 fideles

1120 3115 1233 3154 cette
1272 3104 1440 3171 parole
1474 3106 1616 3153 ecrite
1642 3141 1656 3164 ‚
1691 3104 1855 3169 qu’elle
1882 3122 1913 3152 a
1938 3108 2059 3153 mise
2101 3106 2134 3154 ὰ

1121 3188 1228 3236 leur
1237 3193 1428 3253 portee,·
1458 3186 1534 3235 lue
1557 3203 1673 3235 sam
1696 3196 1827 3235 notes
1850 3195 1895 3236 et
1919 3204 2037 3237 sans
2053 3205 2137 3236 ex-

1117 3270 1396 3336 plicatione,
1412 3267 1853 3318 I’Ecriture·sainte
1866 3272 2138 3335 estvun'poi-

1121 3368 1226 3400 son.
1265 3349 1451 3401 Scirees
1488 3349 1545 3398 de
1575 3348 1632 3400 S.
1672 3345 1983 3415 Petersbourq
2003 3388 2016 3411 ,
2049 3351 2138 3398 soi-

1123 3434 1196 3481 ree
1231 3449 1279 3479 xi
1298 3468 1312 3492 ,
1337 3443 1454 3478 tom.
1478 3449 1515 3479 ιι
1538 3469 1551 3490 ,
1577 3449 1682 3496 pag.
1714 3429 1814 3495 344
1833 3469 1846 3491 ,
1868 3432 1978 3480 edit.
1995 3429 2140 3478 d’An-

1123 3529 1242 3563 vers.
1270 3511 1362 3561 Sed
1382 3514 1438 3561 de
1466 3513 1554 3561 hoc
1573 3522 1843 3579 argumento
1862 3530 1914 3560 ex
1934 3512 2133 3576 professo

1124 3599 1175 3646 iu
1200 3606 1333 3646 tract·
1363 3594 1446 3647 De
1467 3594 1584 3646 locis
1614 3593 1896 3658 theoloqicis.

1819 3671 1893 3729 15
