2554 4140
427 195 550 236 CAP.
601 197 691 233 111.
741 196 810 232 mi
852 194 978 231 nor.
1027 192 1152 230 mv.
1199 192 1272 229 Ac
1312 190 1617 228 sumnum.
1669 188 1802 228 nav.
2113 166 2190 226 49

62 367 184 404 non
224 341 533 411 omnibuS,
569 339 672 399 sed
709 335 877 396 alicui
912 331 1191 414 peculiari
1221 332 1333 410 legi
1370 344 1430 391 et
1463 334 1528 391 in
1565 332 1792 393 casibus
1821 325 2195 415 particulari-

60 438 192 499 huS.
226 441 382 497 Dum
418 459 475 493 v.
511 457 562 514 g.
603 436 757 492 Deus
792 429 913 489 vim
951 426 1072 506 igni
1109 425 1364 502 ademit,
1407 447 1483 485 ne
1516 427 1735 487 rubum
1780 426 2191 496 combureret..

63 557 185 594 non
222 533 437 592 evertit
466 519 688 608 legem,
722 544 832 583 nec
856 521 1093 580 sustulit
1121 520 1407 583 virtutem
1433 518 1697 601 ubique
1680 524 1803 602 igni
1829 523 2080 583 inditam
2117 499 2196 583 ad

68 625 572 695 comburendum3
613 631 672 680 et
701 621 781 678 sic
818 617 891 677 de
921 616 1125 675 ceteris
1155 616 1406 674 dicatur.
1443 617 1922 697 AEquivocatione
1951 619 2200 702 proinde
2275 655 2277 657 ·

55 735 317 784 ‘utuntur
349 715 675 781 increduli
661 738 723 773 ln
754 714 845 772 his
878 710 1408 772 comminiscendis,
1443 711 1527 771 Ad
1558 712 1836 771 confirm..
1863 718 2026 792 quod
2046 738 2203 776 non-
2237 734 2239 737 ’

69 826 199 880 nisi
222 821 436 896 ineptis
469 811 910 892 leyi'slatorzbus
942 853 959 884 ‚
999 819 1108 867 etc
1168 810 1328 868 Dzssst
1368 808 1425 865 Si
1477 809 1633 866 Deus
1669 782 1957 884 ejusmodi
1990 831 2202 893 excep-

71 917 256 975 tiones
278 913 494 971 faceret
521 930 594 967 ex
627 906 931 988 inopinato
959 915 1019 964 et
1044 926 1167 963 non
1196 903 1449 985 praeviso
1472 904 1931 985 superveniente
1956 917 2199 982 eventu,

72 1020 254 1073 eonc.‚·
289 1005 335 1064 si
360 1026 391 1064 e
417 1003 708 1063 contrario
736 1002 801 1059 in
832 1011 956 1059 toto
997 1001 1174 1060 etiam
1201 1009 1516 1079 systemate
1545 998 1731 1063 voluit
1758 998 1864 1058 has
1905 1000 2215 1082 exceptio—.

73 1125 176 1167 nes
213 1099 288 1160 ad
336 1121 467 1158 suos
517 1099 663 1156 fines
712 1095 1064 1155 obtinendos
1115 1088 1655 1176 compfiehendere,
1700 1115 1830 1174 neq.
1882 1095 2031 1153 Hinc
2073 1117 2203 1177 neq.

72 1199 243 1280 parit.
282 1198 525 1275 Ineptus
564 1185 725 1252 enim
753 1191 1048 1271 legislator
1077 1190 1154 1249 ad
1170 1190 1282 1262 *has
1319 1190 1692 1270 exceptiones
1732 1190 2075 1270 confugeret
2102 1190 2209 1250 de-

71 1295 226 1353 fectu
255 1290 509 1350 scientiae
546 1300 605 1348 et
642 1288 975 1369 capacitatis
1003 1332 1021 1361 ,
1057 1285 1217 1369 quod
1254 1285 1328 1345 de
1366 1287 1486 1345 Deo
1524 1283 1639 1344 dici
1674 1285 1890 1367 'nequit
1914 1331 1930 1360 .,
1977 1287 2080 1368 qui
2113 1286 2210 1346 in-

72 1387 359 1449 credibili·
385 1385 638 1445 scientiae
675 1404 793 1442 suae
834 1384 1053 1444 virtute
1105 1384 1304 1453 omnia
1357 1376 1847 1462 comprehendit3
1902 1382 1950 1440 si
2008 1393 2211 1442 tamen

75 1482 355 1543 miracula
401 1480 772 1562 exceptiones
810 1477 1059 1537 dicenda
1104 1479 1225 1535 sint
1253 1522 1270 1551 ,
1313 1477 1379 1535 in
1422 1481 1584 1555 cujus
1629 1477 1786 1536 vocis
1827 1478 2210 1560 ¹usurpatione

76 1601 312 1639 rursum
344 1577 488 1637 latet
522 1574 919 1656 aequivocatio.

163 1670 301 1733 126.-
345 1674 415 1732 Et
445 1672 602 1743 haec
643 1692 720 1729 ne
764 1672 968 1729 tritam
1006 1668 1405 1728 desereremus
1442 1670 1638 1743 viam·
1680 1680 1946 1728 ceterum
1989 1670 2048 1730 vi
2083 1671 2216 1729 ani-

77 1767 530 1828 madversionis
516 1789 578 1824 1n
595 1764 1037 1847 probationibus
1054 1764 1296 1844 positae
1327 1765 1615 1842 ejusmodi
1632 1763 2010 1826 difficultates
2038 1767 2211 1826 toties

77 1865 342 1946 repetitae
373 1884 451 1921 ne
479 1862 676 1920 locum
705 1859 944 1941 quidem
981 1859 1235 1948 liabent..

172 1959 309 2017 127.
360 1960 441 2016 Ex
477 1957 644 2015 dictis
688 1956 910 2037 pariter
947 1966 1307 2015 evanescunt
1328 2000 1344 2029 ‚
1383 1977 1513 2037 quae
1544 1978 1758 2035 magno
1790 1966 2078 2037 apparatu
2107 1956 2218 2015 ob·-

85 2053 337 2112 trudunt
362 2044 710 2112 recentiores
729 2050 1103 2109 rationalistae
1122 2095 1137 2125 ,
1170 2051 1232 2109 id
1264 2060 1354 2109 est
1375 2096 1391 2125 ,
1419 2051 1704 2110 increduli
1731 2073 1865 2110 cum
1888 2052 2219 2132 Wegschei-

87 2149 192 2209 der
229 2149 318 2228 (l)
341 2194 357 2223 7
393 2147 538 2205 dum
569 2145 833 2204 scribunt
866 2168 878 2203 z
909 2147 1006 2205 Hi
1029 2133 1637 2226 (supernaturalistae)
1673 2151 1983 2206 nimirum
2015 2150 2220 2207 Deum

86 2254 343 2304 sumunt
376 2265 470 2302 res
504 2244 810 2300 humanas
838 2244 1124 2300 naturali
1164 2243 1374 2301 ordine
1406 2246 1476 2302 in
1515 2247 1870 2303 universum
1898 2266 2095 2325 reyere
2113 2287 2134 2316 ,
2168 2255 2226 2303 et

86 2341 201 2400 uhi
241 2340 340 2398 hio
370 2340 682 2398 naturalis
718 2339 859 2397 ordo
896 2340 1192 2398 voluntati
1222 2342 1422 2418 ipsius
1463 2340 1638 2399 haud
1664 2342 1935 2420 amplius
1972 2344 2225 2420 satisfa-

87 2456 212 2495 cere
242 2439 437 2515 possit
445 2478 466 2506 ,
501 2436 819 2493 miraculis
844 2436 1175 2514 patrandis
1203 2439 1331 2514 ipsi
1354 2441 1540 2514 quasi
1564 2457 1733 2516 opem
1761 2447 1817 2494 et
1852 2437 2225 2512 medicinam

84 2534 285 2609 serre‚·
327 2532 428 2588 illi
467 2530 669 2610 vera(
703 2529 1078 2589 rationalistae
1111 2531 1133 2610 )
1178 2531 1380 2590 Deum
1429 2542 1709 2590 statuunt
1747 2533 1826 2590 ab
1867 2518 2087 2591 aterno
2129 2553 2225 2590 res

9 2695 13 2698 .
91 2648 292 2684 omnes
332 2630 627 2684 continua
676 2630 826 2684 serie
865 2637 1173 2685 secuturas
1211 2637 1334 2684 tam
1377 2609 1676 2705 sapienier
1717 2630 2111 2707 disposuisse,
2146 2637 2226 2687 ut

93 2742 228 2800 quoe
274 2742 327 2779 v.
366 2744 427 2801 9.
480 2731 627 2782 ante.
658 2722 850 2799 plura
875 2727 1023 2800 jam
1068 2724 1290 2781 soeeula
1346 2724 1652 2782 evenerint
1693 2727 1800 2801 id,
1843 2727 2009 2806 quod
2050 2744 2223 2783 nunc

92 2822 315 2888 evenit,
347 2827 786 2897 praepararent
807 2828 864 2876 et
893 2819 1180 2896 efficerent
1200 2861 1222 2890 ,
1253 2840 1360 2877 nec
1387 2839 1537 2898 opus
1560 2822 2050 2890 essettmiraoulis
2078 2823 2221 2899 qui-

102 2912 355 2970 busdam
373 2916 553 2991 quasi
571 2915 1044 2972 intercalaribus
1055 2938 1078 2982 ‚·
1103 2935 1236 2995 erqo
1259 2936 1494 2973 omnem
1501 2917 1968 2995 yubernati'onz‘s
1994 2918 2222 2976 divinae

98 3013 552 3096 sapientissimae
582 3019 638 3067 et
672 3012 803 3066 ima
844 3031 1009 3091 teque
1044 3032 1117 3068 ae
1160 3031 1444 3083 summa,
1485 3017 1765 3072 maxima
1798 3035 1962 3093 oeque
1998 3035 2072 3073 ac
2107 3018 2222 3072 ‘mi-

102 3104 318 3178 nima,
376 3114 642 3162 emcrema
696 3125 860 3182 oeque
913 3126 986 3162 ao
1038 3111 1367 3165 novissima
1434 3114 1886 3187 complectentis.
1918 3111 2224 3168 ambitum

103 3210 463 3274 agnoscunae
501 3201 649 3258 dum
674 3204 780 3258 isti
808 3200 1427 3284 (supernaturalistae)
1459 3208 1525 3262 in
1556 3207 1817 3284 sinyulis
1859 3217 2101 3265 tantum
2133 3209 2225 3285 ef-

97 3293 358 3369 flectibus
373 3336 392 3364 ,
419 3294 489 3352 N
487 3316 665 3354 umen
685 3318 995 3354 summum
1012 3298 1442 3376 prodentibus,
1469 3301 1566 3359 kz’c
1590 3303 1679 3359 vel
1701 3303 1830 3361 illie
1849 3303 2225 3382 si'nyularem

105 3391 221 3444 Dei
254 3391 670 3467 omnipotentis
710 3392 1033 3470 efficaciam
1069 3414 1307 3452 eernere
1342 3396 1622 3469 malunt,
1666 3418 1840 3477 eoque
1874 3398 2224 3456 hominibus

104 3484 377 3542 rudioris
411 3489 527 3543 aevi
558 3490 992 3569 aequiparandi
1019 3500 1197 3562 sunt,
1242 3495 1357 3569 qui
1400 3496 1596 3572 maqis
1636 3493 1723 3552 ad
1758 3514 2061 3554 summam
2107 3494 2229 3553 Dei

176 3690 242 3827 (ὦ)
281 3689 371 3830 Olp.
391 3691 471 3740 cit.
495 3691 667 3758 proleg.
694 3709 794 3758 cap.
820 3709 865 3754 1,
886 3691 913 3759 S
936 3709 993 3743 12
1012 3730 1026 3758 ,
1043 3712 1095 3745 n.
1127 3693 1237 3760 (a.)

242 3816 254 3828 .
335 3816 348 3830 .
1643 3779 1648 3786 '
1913 3776 1951 3834 4
