2554 4140
674 126 825 164 paor.
873 128 915 163 1.
964 125 1034 164 ns.
1074 125 1314 164 cusronn
1357 124 1553 165 nvn.
2050 100 2169 161 207

883 292 1288 347 PROPOSITIO
1328 293 1369 345 1.

75 451 472 511 Validissimae
513 456 774 510 rationes
815 426 1176 517 ostendunt,
1233 447 1303 504 de
1354 450 1453 505 via
1508 449 1834 507 ordinaria
1892 447 2167 506 divinam

141 549 553 606 revelationem
587 548 666 604 ab
707 546 1059 611 auctoritate
1102 542 1404 600 divinitus
1443 545 1725 602 instituta
1767 554 1943 622 atque
1985 546 2170 623 infal-

140 643 300 701 libili
340 642 668 711 custodiri,
710 649 884 717 atque
915 640 1186 715 proponi
1224 637 1444 695 dehere.

141 858 197 915 2.
248 859 319 915 Ut
354 866 514 937 patet
536 877 606 914 ex
636 855 759 935 ipsa
798 854 1209 935 propositionis
1239 853 1677 926 enunciatione‚
1709 873 1900 918 sermo
1929 854 2022 913 hic
2048 877 2171 913 non

59 963 148 1009 est
181 951 252 1009 de
286 952 409 1030 ipsa
435 948 641 1007 actuali
677 949 1032 1007 revelatione
1055 993 1070 1020 7
1103 968 1202 1005 seu
1241 947 1451 1005 actuali
1490 948 1805 1007 veritatum
1831 949 2172 1007 manifesta-

59 1046 246 1120 tione,
281 1044 381 1103 sed
417 1043 489 1103 de
512 1046 860 1103 revelatione
877 1049 1021 1124 jam
1050 1047 1222 1122 faeta
1238 1086 1260 1114 ,
1299 1045 1628 1121 litterisque
1647 1046 1998 1122 eonsiqnata
2015 1087 2039 1115 ,
2082 1046 2174 1102 vel

56 1143 192 1197 viva
222 1159 343 1197 voce
370 1143 766 1211 transmissa,
811 1161 914 1197 seu
944 1138 1019 1198 de
1055 1137 1392 1198 collectione
1420 1138 1544 1218 ipsa
1586 1158 1652 1197 ac
1683 1158 1924 1220 corpore
1944 1183 1960 1212 .,
1998 1148 2067 1197 ut
2091 1138 2172 1197 ita

55 1231 278 1307 dicam,
310 1238 435 1311 jam
480 1233 643 1292 factae
676 1233 1074 1293 revelationis·
2006 1295 2009 1298 ,

138 1329 195 1388 3.
245 1329 415 1389 Hisce
446 1330 646 1412 positis
673 1376 688 1404 .‚
729 1332 844 1404 sic,
892 1331 953 1388 1Ο
978 1351 1050 1389 ex
1092 1331 1217 1411 ipsa
1259 1341 1470 1388 natura
1512 1329 1629 1404 rei,
1675 1329 1748 1389 de
1791 1351 1904 1411 qua
1947 1331 2168 1410 agitur,

59 1424 346 1483 evincitur
377 1425 694 1507 propositio
727 1448 742 1483 τ
785 1426 907 1484 Nisi
946 1426 1107 1485 enim
1138 1447 1168 1482 a
1205 1423 1436 1506 publica
1462 1469 1478 1499 ‚
1509 1435 1750 1484 externa
1788 1446 1852 1484 ac
1880 1424 2176 1486 infallibili

56 1519 399 1579 auctoritate
421 1565 437 1594 ,
495 1520 694 1580 divina
737 1520 1018 1580 revelatio
1061 1529 1521 1602 proponeretur,
1567 1517 1951 1579 infallibiliter
1997 1518 2174 1579 nobis>

56 1625 317 1673 constare
358 1636 478 1673 non
520 1626 715 1696 posset
751 1615 825 1674 de
858 1614 1168 1674 identitate
1204 1614 1419 1674 divinae
1446 1614 1848 1689 revelationis3
1888 1614 2177 1675 fluctuare

54 1729 283 1790 semper
316 1709 661 1769 deberemus
694 1711 900 1769 incerti
921 1757 937 1784 7
975 1720 1174 1768 utrum
1208 1710 1269 1769 id
1301 1731 1437 1770 vere
1461 1710 1808 1770 revelaverit
1832 1713 1986 1768 Deus
2008 1755 2024 1784 7
2063 1731 2176 1769 nec

58 1824 161 1877 neg
190 1826 264 1863 an
279 1804 576 1886 quidpiam
595 1805 784 1864 eidem
814 1805 1104 1878 additum,
1130 1804 1432 1886 quidpiam
1448 1804 1521 1863 ab
1538 1827 1604 1864 ea
1624 1804 1953 1864 detractum
1967 1806 2168 1880 fuerit,
2192 1809 2197 1813 ⁴

56 1919 123 1958 eo
160 1898 253 1959 vel
285 1900 537 1958 maxime
566 1900 725 1982 quod
768 1900 1128 1982 autographa
1169 1901 1366 1959 omnia
1402 1901 1515 1959 cito
1554 1901 1834 1981 perierint
1870 1901 1981 1980 (1).
2022 1901 2172 1961 Cum

55 2014 193 2052 vero
208 1994 348 2053 fides
366 2016 486 2054 non
506 1995 581 2055 mi
591 2017 698 2053 nus
717 1995 915 2055 divina
937 2007 997 2054 et
1012 1994 1333 2054 infallibilis
1357 2016 1480 2054 esse
1497 1994 1708 2055 debeat
1726 1996 1788 2053 in
1810 2017 1914 2054 suo
1939 1994 2167 2073 obJ‘ecto

55 2099 118 2145 et
138 2090 360 2148 motivo
383 2111 556 2170 quam
573 2090 634 2147 in
654 2090 848 2149 medio
862 2112 968 2172 per
985 2089 1143 2172 quod
1157 2091 1506 2171 proponitur
1524 2135 1540 2165 ‚
1570 2101 1731 2171 patet
1749 2089 2173 2151 revelationem.

53 2185 285 2243 nonnisi
315 2185 387 2243 ab
420 2185 709 2244 infallibili
736 2198 910 2268 atque
940 2186 1140 2246 divina
1164 2187 1506 2246 auctoritate
1533 2187 1783 2269 proponi
1812 2196 2001 2267 posse.

134 2278 192 2337 4.
243 2278 309 2338 Id
345 2280 537 2362 ipsum
575 2282 794 2362 pariter
833 2281 1120 2340 evincitur
1166 2304 1241 2341 ex
1286 2282 1627 2341 necessitate
1668 2282 2172 2342 determinationis

54 2395 252 2434 sensus
282 2373 522 2456 legitimi
559 2376 820 2453 ejusdem
858 2375 1249 2436 revelationis
1291 2377 1557 2450 Etenim,
1605 2398 1740 2436 cum
1782 2376 2064 2438 revelatio
2106 2379 2174 2437 in

53 2467 305 2528 hominis
338 2471 581 2551 gratiam
612 2492 676 2531 ac
702 2470 927 2530 bonum
963 2470 1098 2530 data
1137 2472 1212 2529 sit
1240 2516 1255 2545 ‚
1300 2472 1621 2531 necessario
1664 2471 1857 2534 verbis
1900 2493 1965 2530 ac
1998 2472 2172 2551 signis

55 2565 313 2645 patefieri
345 2587 410 2624 ac
436 2567 683 2648 exprimi
712 2565 934 2626 debuit.
971 2569 1007 2626 J
1011 2588 1105 2625 am
1137 2588 1273 2626 vero
1310 2565 1489 2627 verba
1517 2567 1775 2626 diversas
1819 2567 2171 2647 plerumque

55 2658 275 2719 habent
318 2661 759 2740 significationes
784 2706 799 2734 ,
858 2661 1116 2720 diversos
1146 2706 1161 2735 7
1219 2661 1571 2742 quandoque
1631 2662 1808 2720 etiam
1850 2661 2171 2720 contrarios

55 2755 396 2835 exprimunt
426 2766 738 2836 conceptus
762 2756 888 2837 (2),
921 2748 1211 2838 aequivoca
1247 2766 1556 2836 propterea
1593 2767 1729 2814 sunt
1772 2776 1874 2814 seu
1907 2755 2172 2837 aequivo-

126 3004 191 3067 (l)
227 3005 297 3054 De
325 3005 615 3070 autographis
643 3004 704 3055 V.
743 3005 796 3053 T.
823 3003 941 3053 nihil
966 3023 1067 3054 om·
1151 3014 1287 3053 aetate
1332 3002 1601 3054 Tertulliani
1631 3040 1646 3060 ‚
1709 3004 1960 3055 Clementis
2009 3005 2167 3067 Alex„

59 3088 172 3133 nino
195 3089 394 3144 scimus;
427 3087 580 3152 quoad
612 3087 891 3152 autographa
913 3097 1067 3136 autem
1151 3086 1358 3152 Origenis
1399 3088 1526 3135 nulla
1561 3088 1760 3152 amplius
1805 3091 1991 3155 vestigia
2015 3107 2170 3155 super-

60 3166 119 3215 N.
151 3167 209 3215 T.
248 3167 463 3215 Cellerier
491 3169 541 3215 in
574 3185 654 3216 suo
693 3186 706 3216 ι
745 3167 899 3216 Essai
925 3167 1067 3216 d’une
1158 3168 1351 3216 suerint.

60 3249 383 3296 introductiva
404 3251 604 3313 critique
616 3267 682 3298 au
698 3250 931 3298 Nouveau
952 3250 1068 3298 Tes—
1216 3253 1281 3314 (2)
1319 3249 1533 3300 Pluribus
1563 3252 1782 3316 exemplis
1814 3254 1991 3302 ostendi
2025 3253 2074 3301 id
2100 3254 2170 3302 fa-

58 3339 238 3378 tament
259 3367 273 3391 ‚
302 3331 482 3380 Geneve
504 3330 625 3381 1823
644 3367 659 3392 ,
696 3350 789 3381 sec.
820 3350 892 3391 111,
912 3343 1068 3382 censet
1150 3335 1234 3383 cile
1274 3344 1454 3399 posset3
1491 3352 1597 3382 cum
1635 3351 1743 3382 vero
1765 3336 1812 3383 id
1842 3353 1994 3401 neque
2014 3353 2039 3383 a
2062 3334 2170 3382 Pro-

62 3416 156 3476 ipsa
176 3448 191 3472 ,
226 3418 383 3477 utpote
407 3423 581 3461 exarata
609 3415 659 3462 in
678 3417 843 3464 cortice
873 3418 1030 3479 papyri
1054 3451 1068 3474 ,
1155 3416 1427 3464 testantibus
1458 3417 1568 3479 ipsis
1621 3432 1748 3464 nunc
1790 3418 1840 3464 in
1875 3415 2070 3464 dubium
2095 3432 2170 3463 re-

64 3512 168 3561 quae
187 3497 476 3544 usitatissima
497 3505 607 3544 tunc
627 3507 722 3545 erat
744 3532 759 3561 ,
781 3514 887 3547 cum
908 3501 1073 3565 scripta
1155 3508 1341 3546 vocetur
1360 3534 1374 3556 ‚
1401 3514 1498 3545 non
1522 3508 1588 3546 est
1614 3514 1696 3546 cur
1722 3500 1772 3545 in
1800 3514 1852 3546 re
1883 3514 1982 3545 non
2012 3513 2173 3544 neces-

62 3575 142 3627 illa
173 3578 292 3628 edita
314 3587 445 3639 sunt,
468 3579 569 3627 cito
604 3580 788 3643 periisse
807 3615 822 3642 ,
861 3579 977 3632 adeo
1010 3591 1061 3632 ut
1155 3583 1272 3630 saria
1286 3579 1902 3646 opusimpcndamus.Certe
1915 3579 2170 3630 adsensum
