2554 4140
303 130 380 188 76
963 150 1031 186 DE
1075 148 1223 188 VERA
1268 151 1391 188 REL.
1440 150 1572 190 Anv.
1625 153 1772 192 mon.

307 294 526 375 absque
564 293 683 350 ullo
719 303 1006 372 apparatu
1031 303 1205 374 atque
1238 292 1311 350 ad
1338 293 1527 352 solum
1562 295 1877 376 imperium
1905 307 1965 355 et
2003 307 2214 356 nutum
2250 298 2424 358 thau-

303 389 569 466 maturgi.
617 387 882 446 Profecto
915 390 1158 447 Lazarus
1195 393 1316 467 jam
1356 390 1591 449 faetebat
1624 401 1825 472 utpote
1864 392 2282 472 quatriduanus
2308 395 2417 474 (l).

391 482 522 541 194.
571 483 658 542 Ad
697 482 778 540 5¹¹¹
800 528 815 558 .,
861 485 1080 543 Omnes
1111 496 1333 543 norunt
1356 485 1429 544 ab
1454 487 1857 568 experimento
1882 532 1897 562 a
1929 489 2231 548 neminem
2255 511 2426 572 posse
2458 478 2463 485 ⁸

300 580 360 636 vi
395 579 824 657 imaginationis
858 578 1088 660 pluvias
1117 580 1368 639 excitare
1389 627 1403 655 a
1436 582 1693 663 alioquin
1734 581 2074 664 expeditum
2103 583 2425 653 remedium

299 673 361 730 in
403 685 684 754 promptu
727 684 907 749 esset,
949 677 1173 755 quoties
1210 677 1464 736 siccitate
1500 676 1851 736 laboramus,
1902 679 2197 754 Ejusmodi
2242 699 2429 760 quaes-

300 767 556 827 tionibus
588 791 887 850 possemus
927 769 1142 828 similes
1166 769 1304 828 alias
1333 793 1628 852 opponere
1663 795 1677 831 ε
1714 774 1852 846 Quis
1884 774 2025 847 scit,
2071 774 2298 854 possint
2327 773 2429 834 ho-

299 866 487 924 mines
539 866 597 927 vi
647 865 820 924 solius
867 867 1297 945 imaginationis
1349 868 1550 927 vivere
1596 890 1818 943 necne,
1873 869 2101 952 aliaque
2141 869 2202 929 id
2248 891 2428 949 genus

298 973 571 1042 praestare
594 1007 609 1035 ,
652 962 796 1042 quin
846 961 1168 1041 quidquam
1202 962 1522 1020 comedant
1558 975 1657 1022 aut
1682 963 1930 1024 bibant?
1957 966 2022 1024 Id
2053 967 2430 1048 experiantur

298 1057 668 1136 magnetismi
691 1057 945 1137 patroni.
984 1058 1244 1115 Fortasse
1275 1056 1390 1115 huc
1427 1056 1738 1138 aliquando
1767 1059 2104 1120 devenient.
2139 1063 2223 1119 Ex
2253 1082 2430 1142 supe·

299 1154 416 1212 rius
435 1154 600 1212 di'ctis
615 1156 738 1230 jam
754 1153 1053 1235 responsio
1074 1164 1238 1235 patet
1261 1153 1334 1210 ad
1354 1164 1572 1212 ceteras
1589 1153 2009 1232 dubitationes,
2037 1158 2181 1238 quin
2196 1167 2427 1237 tempus

299 1261 488 1308 terere
525 1251 586 1307 in
625 1249 714 1307 his
753 1248 1090 1308 debeamus

385 1345 519 1404 195.
569 1344 656 1405 Ad
686 1346 792 1420 δῶ,
827 1346 976 1425 Ney.
1013 1345 1101 1405 Ad
1126 1345 1537 1428 probationem
1564 1352 1640 1429 a)
1670 1347 1979 1408 Christum
2003 1369 2231 1428 semper
2250 1351 2432 1428 fidem

297 1445 548 1521 eoeeyisse
567 1487 583 1517 ,
618 1453 728 1500 etc.
753 1467 769 1515 ς
800 1443 861 1499 in
893 1442 1096 1522 primis
1128 1464 1262 1522 neq.
1303 1465 1439 1502 eum
1467 1467 1700 1525 sempe-r
1734 1444 1911 1503 fidem
1938 1444 2192 1524 exegisse
2216 1444 2289 1503 ab
2320 1447 2388 1503 iis
2410 1491 2426 1519 .‚

298 1538 360 1595 in
400 1559 650 1618 quorum
675 1538 921 1617 gratiam
956 1538 1233 1598 miracula
1269 1540 1621 1621 operabatur
1643 1587 1658 1615 7
1691 1552 1865 1621 prout
1889 1540 2112 1598 nullam
2149 1541 2339 1619 exegit
2367 1541 2430 1599 in

298 1635 486 1693 citatis
521 1633 813 1692 miraculis
854 1633 1354 1715 multiplicationis
1393 1658 1614 1717 panum
1661 1649 1719 1696 et
1750 1636 2142 1696 conversionis
2178 1658 2339 1717 aquae
2367 1637 2428 1693 in

299 1730 503 1790 vinum
529 1775 545 1803 ἢ
587 1751 779 1811 neque
821 1751 1006 1810 quum
1039 1732 1311 1789 excitavit
1344 1731 1530 1790 filium
1564 1732 1757 1792 viduae
1787 1733 1959 1791 Naim
1995 1732 2084 1810 (2)
2111 1731 2208 1790 vel
2247 1731 2428 1790 filiam

297 1827 440 1884 Jairi
468 1826 592 1908 (3),
631 1839 699 1884 ut
723 1826 832 1884 alia
874 1828 1162 1885 omittam.
1196 1829 1344 1886 Dein
1376 1829 1513 1887 dist.
1562 1830 1749 1908 exegit
1784 1839 1849 1886 ut
1889 1827 2285 1886 conditionem
2307 1873 2322 1901 .,
2360 1849 2427 1887 eo

296 1921 456 2003 quod
483 1922 760 1981 miracula
786 1921 984 1983 ederet
1004 1922 1078 1981 ad
1097 1945 1262 1981 suam
1284 1924 1749 1983 confirmandam
1771 1924 2033 1983 divinam
2061 1924 2395 1982 missionem
2411 1968 2428 1998 ,

297 2042 484 2086 conc.;
525 2031 588 2077 ut
633 2041 864 2078 causam
903 2013 1252 2077 effectricem
1286 2032 1344 2078 et
1378 2022 1764 2079 necessariam
1792 2043 1918 2101 neq.
1954 2020 2304 2080 Recolantur
2330 2041 2430 2077 su-

297 2117 491 2197 perius
529 2115 703 2173 dicta.
746 2114 832 2173 Ad
871 2116 949 2195 h)
976 2116 1227 2193 Defectu
1259 2116 1444 2194 hujus
1469 2118 1615 2194 fidei
1635 2161 1651 2191 ‚
1691 2128 1802 2174 ete.
1835 2118 1993 2174 Dz'st.
2025 2126 2311 2195 quatenus
2347 2114 2430 2171 illi

298 2212 564 2270 concives
599 2210 868 2291 indignos
905 2231 964 2268 se
989 2209 1367 2291 praebuerunt
1393 2215 1513 2289 ejus
1547 2210 1841 2270 beneficiis
1860 2256 1875 2284 a
1917 2231 2099 2275 comm
2125 2208 2387 2267 absolute
2410 2254 2426 2283 .‚

297 2330 429 2387 neq.
454 2306 618 2365 Addo
639 2352 654 2382 a
683 2308 790 2365 etsi
809 2328 930 2364 non
950 2305 1132 2364 multa
1152 2305 1225 2364 ob
1244 2307 1557 2385 adductam
1572 2308 1860 2366 rationem
1881 2353 1895 2381 7
1924 2304 2209 2365 nonnulla
2229 2317 2429 2363 tamen

299 2403 596 2462 Christum
635 2404 790 2462 inter
827 2403 1256 2463 Nazarethanos
1294 2414 1551 2485 patrasse
1579 2403 1876 2462 miracula.
1913 2402 2251 2461 Notandum
2276 2423 2431 2482 prae-

297 2512 456 2560 terea
498 2502 560 2559 in
599 2501 817 2583 passim
850 2513 1082 2583 recepta
1111 2501 1575 2562 adversariorum
1604 2501 1916 2582 hypothesi
1953 2500 2216 2559 sufficere
2249 2497 2428 2558 fidem

295 2598 358 2655 in
386 2608 612 2677 agente.
639 2597 799 2656 Adeo
814 2619 1028 2678 nempe
1045 2597 1155 2655 sibi
1178 2596 1471 2655 cohaerent
1494 2643 1508 2671 a
1534 2596 1676 2655 dum
1689 2593 2422 2678 religionemimpugnant!

296 2692 387 2752 Ad
412 2694 488 2773 c)
535 2694 767 2752 Manus
795 2695 1172 2773 imponebat,
1202 2704 1310 2752 etc.
1351 2696 1508 2753 Dz'st.
1546 2692 1872 2774 Aliquando
1892 2739 1907 2767 ,
1936 2714 2124 2759 conc.,·
2160 2711 2424 2770 semper,

295 2811 425 2869 φωρ.
459 2790 584 2848 Imo
615 2811 738 2848 non
775 2790 887 2847 nisi
919 2811 1035 2848 una
1076 2789 1170 2851 vel
1199 2788 1381 2848 altera
1422 2790 1547 2848 vice
1589 2789 1798 2871 legitur
1835 2789 2130 2848 Christum
2175 2786 2250 2846 ad
2291 2808 2423 2845 con-

296 2885 963 2945 ferendam.sanitatem
1020 2908 1227 2945 manus
1264 2886 1643 2967 imposuisse3
1692 2886 1909 2968 passim
1953 2885 2074 2944 solo
2120 2892 2310 2957 n'utu7
2363 2903 2429 2940 ac

297 3002 452 3062 saepe
501 2982 679 3040 etiam
723 2981 1064 3040 absentibus
1113 2982 1513 3042 valetudinem
1558 2981 1909 3042 conferebat.
1963 2983 2181 3059 Legant
2230 2981 2422 3040 Evan-

295 3076 532 3157 gelium.
575 3077 665 3137 Ad
690 3079 766 3157 d)
799 3080 1150 3136 Proesertz'm
1183 3083 1254 3136 in
1288 3101 1505 3139 eoecum
1541 3082 1720 3137 illum
1735 3122 1756 3151 ,
1788 3090 1896 3137 etc.
1939 3080 2094 3138 Dz'st.
2134 3075 2221 3135 Ad
2250 3096 2430 3157 expe-

295 3174 564 3233 riendam
595 3174 749 3233 illius
785 3174 962 3233 fidem
985 3220 1000 3249 ‚
1047 3174 1142 3243 vel
1183 3176 1438 3255 mysterii
1468 3197 1671 3251 causa‚
1710 3196 1899 3240 cono.,·
1934 3195 2005 3232 ex
2043 3173 2386 3232 necessitate
2410 3215 2426 3244 ⁷

297 3292 420 3351 neq.
451 3271 597 3330 Cum
625 3270 686 3329 id
718 3271 952 3329 nonnisi
987 3268 1167 3329 semel
1208 3272 1550 3349 contigerit,
1590 3293 1696 3330 nec
1742 3269 1878 3329 alibi
1918 3280 2213 3342 occurrat,
2249 3287 2396 3348 pecu

294 3366 463 3426 liares
502 3365 577 3425 ob
614 3387 841 3442 causaS‚
880 3364 990 3427 sibi
1029 3377 1195 3427 notas
1219 3411 1234 3441 ‚
1280 3367 1575 3426 Christum
1613 3368 1691 3425 ita
1731 3369 1910 3446 egisse
1945 3365 2258 3427 dicendum
2293 3374 2418 3439 est;

361 3590 432 3652 (1)
470 3589 604 3637 Joan.
634 3606 711 3658 xi,
746 3589 832 3654 39.
1464 3589 1526 3653 (3)
1565 3588 1703 3636 Marc.
1732 3607 1778 3649 v,
1813 3586 1898 3650 41.

363 3670 431 3737 (2)
465 3672 584 3722 Luc.
615 3688 715 3737 vn,
755 3669 831 3733 14.
