2554 4140
466 219 589 255 cu.
636 217 723 252 111.
769 216 838 251 nn
881 213 1008 250 nor.
1058 211 1176 249 mv.
1226 211 1297 248 Ac
1340 208 1648 248 soranum.
1694 203 1821 244 Rev.
2125 181 2201 239 89

91 359 239 418 flexa
286 357 702 438 significatione
740 363 873 436 post
919 360 1200 410 eventum
1243 347 1320 406 ad
1360 347 1470 406 alia
1518 349 1691 407 fuisse
1743 342 2196 417 accommodata.

91 455 207 513 Sed
236 475 426 534 neque
456 453 550 511 hic
581 450 691 509 sibi
729 454 957 506 constat
982 454 1183 501 auctor
1210 452 1427 500 noster.
1462 443 1614 500 Nam
1638 441 1893 502 Danielis
1920 450 2095 522 caput
2127 440 2205 496 IX

92 570 264 630 supra
310 549 466 607 inter
501 545 742 604 conficta
783 550 918 621 post
958 549 1242 598 eventum
1269 535 1471 596 retulit
1495 580 1511 608 ‚
1560 558 1719 595 nunc
1750 546 2013 596 recenset
2051 536 2205 594 inter

93 666 159 704 ea
182 690 197 719 .,
255 663 383 724 quae
434 651 566 722 post
610 645 890 697 eventum
942 632 1166 691 deflexa
1217 641 1354 690 sunt
1395 652 1427 689 a
1478 631 1715 711 propria
1765 630 2200 710 significatione.

93 739 355 798 Addatur
392 733 684 794 Psalmum
722 730 850 788 XVI
887 729 996 807 (in
1031 727 1199 808 Vulg.
1241 725 1387 807 XV)
1424 725 1497 785 de
1540 724 1754 784 Christi
1783 726 2207 785 resurrectione

91 835 153 892 in
179 854 349 893 sensu
375 839 606 909 recepto
634 825 708 885 ab
741 826 866 907 ipsa
902 846 1189 905 synagoga
1219 845 1252 882 a
1280 825 1451 883 Petro
1489 811 1817 903 expositum
1866 841 2026 894 esse,
2064 819 2207 879 alio-

94 929 233 1010 quin
261 925 456 1007 palam
481 934 540 982 et
572 944 680 1004 pro
708 920 986 981 concione
1010 942 1131 978 non
1157 918 1471 979 retulisset.
1506 916 1805 977 Psalmum
1830 916 1991 974 XXII
2023 913 2208 993 (XXI)

93 1021 164 1081 de
202 1017 415 1078 Christi
450 1017 720 1099 passione
752 1017 815 1074 in
857 1017 1032 1074 citato
1072 1036 1247 1075 versu
1289 1011 1693 1095 accipiendum
1736 1031 1897 1085 esse,
1938 1020 2068 1068 tum
2117 1029 2213 1068 res

87 1120 210 1198 ipsa
242 1113 530 1188 declarat,
577 1124 707 1171 tum
747 1133 1048 1193 synagogae
1085 1122 1318 1193 recepta
1360 1110 1643 1193 expositio
1665 1154 1681 1184 ,
1720 1118 1830 1168 etc.
1853 1152 1870 1182 7
1909 1118 1969 1166 et
2020 1105 2100 1165 sic
2135 1104 2211 1164 de

87 1210 289 1270 ceteris
320 1209 554 1269 ibidem
593 1208 1085 1268 commemoratis.

166 1305 309 1364 218.
356 1304 600 1377 Ad‘6m‚
639 1304 788 1385 Ney.
829 1325 1085 1385 prorsuS.
1127 1303 1251 1361 Hoc
1279 1303 1440 1362 enim
1469 1323 1692 1363 novum
1733 1311 1820 1360 est
1859 1302 2211 1380 figmentum

86 1400 403 1461 adversarii
425 1401 628 1458 nostri.
664 1400 730 1458 In
758 1398 895 1457 locis
923 1398 1082 1458 enim
1117 1398 1305 1456 citatis
1331 1396 1594 1457 Christus
1617 1396 1806 1456 solum
1838 1396 1987 1456 dixit
2012 1418 2026 1454 ε
2068 1395 2211 1455 Non

86 1502 354 1556 surremit
377 1501 535 1555 inter
573 1506 744 1554 natos
782 1497 1116 1554 mulierum
1152 1499 1354 1572 major
1380 1495 1620 1554 Joamie
1655 1495 1974 1573 Baptista,
2013 1490 2108 1552 vel
2143 1502 2212 1550 ut

87 1603 175 1651 est
218 1590 376 1674 apud
423 1593 560 1651 Luc.
603 1591 812 1669 Major
855 1594 1014 1649 inter
1053 1600 1220 1648 natos
1257 1591 1592 1648 mulierum
1632 1590 1930 1670 propheta
1979 1591 2213 1646 Joanne

85 1689 365 1767 Baptista
403 1708 574 1746 nemo
610 1697 694 1746 est
721 1687 838 1766 (l).
876 1687 967 1745 An
996 1686 1107 1745 hoc
1136 1685 1450 1744 dicendum
1489 1687 1598 1760 sit,
1644 1707 1856 1766 parum
1893 1684 2211 1744 honorifice

86 1781 159 1840 de
183 1782 486 1864 prophetis
514 1781 706 1863 loqui,
735 1781 812 1840 ad
836 1802 978 1862 quos
1005 1801 1157 1862 saepe
1182 1791 1462 1862 provocat
1489 1781 1752 1840 Christus
1778 1783 1903 1863 ipse
1930 1780 1953 1859 (
1981 1791 2046 1838 ut
2067 1781 2204 1838 Luc.

86 1879 297 1950 XXIV,
331 1878 411 1936 25
432 1922 447 1951 a
492 1877 567 1936 27
593 1903 609 1950 ς
645 1879 817 1936 Joan.
854 1877 928 1934 VI
950 1921 965 1950 .,
1002 1875 1081 1934 45
1113 1887 1173 1935 et
1199 1875 1338 1934 alibi
1366 1877 1664 1958 passim),
1702 1876 1946 1958 quisque
1978 1872 2211 1934 intelli-

87 1973 186 2051 git.
233 1969 330 2031 Ad*
351 1972 503 2031 conf.
546 1977 634 2030 ita
659 1974 926 2052 Apostoli
958 1978 1450 2031 vaticinationem
1486 1964 1838 2047 obscuram,
1876 1983 1986 2032 etc.
2012 2017 2029 2046 .,
2078 1993 2207 2051 neq.

88 2069 406 2148 Nunquam
432 2067 690 2150 Apostoli
730 2067 839 2126 hoc
874 2067 1184 2142 dixerunt,
1230 2067 1334 2127 sed
1362 2070 1644 2127 mentitus
1682 2080 1771 2128 est
1801 2068 1991 2127 bonus
2031 2068 2211 2126 ratio-

86 2162 312 2221 nalista.
355 2166 379 2220 I
413 2164 540 2222 Cor.
584 2164 756 2238 XIII,
802 2165 836 2221 9
877 2162 1187 2244 Apostolus
1220 2164 1299 2222 ait
1346 2187 1359 2221 ε
1397 2168 1499 2223 Em
1543 2175 1718 2244 parte
1758 2168 1924 2222 euim
1970 2182 2213 2243 coquos—

83 2262 276 2316 eimus
304 2269 359 2316 et
391 2279 462 2341 ea·
492 2270 668 2338 parte
702 2259 1135 2339 prophetamus
1174 2260 1303 2339 (2);
1342 2260 1394 2318 ΙΙ
1436 2262 1592 2319 Petr.
1627 2261 1696 2335 I,
1738 2260 1812 2318 19
1853 2258 2212 2318 contrarium

85 2351 325 2412 docetur
362 2375 375 2411 ε
418 2355 719 2413 Habemus
747 2356 1082 2433 firmiorem
1097 2356 1523 2435 propheticum
1560 2377 1929 2427 sermonem,
1969 2357 2080 2414 cui
2111 2355 2212 2413 he-

82 2452 364 2527 nefaeitis
416 2451 777 2509 attendentes
833 2461 1126 2530 tanquam
1183 2452 1441 2512 luoernoe
1500 2453 1726 2511 lucenti
1778 2456 1849 2510 in
1890 2453 2212 2531 ealiqinoso

84 2546 238 2616 loce,
291 2546 435 2604 adeo
480 2557 546 2604 ut
589 2545 773 2606 veluti
815 2547 1088 2628 praeferat
1129 2547 1504 2628 prophetiam
1549 2548 1761 2609 visioni
1810 2546 1924 2606 sibi
1955 2547 2118 2606 factae
2148 2546 2212 2604 in

83 2652 285 2700 monte
328 2652 565 2715 sanct03
619 2643 743 2702 Act.
779 2663 919 2703 vero
959 2643 1014 2715 I,
1059 2643 1095 2701 7
1136 2642 1345 2722 legitur
1390 2666 1403 2700 :
1446 2643 1592 2703 Non
1633 2654 1716 2702 est
1757 2653 2019 2702 vestrum
2047 2662 2212 2699 nosse

84 2745 351 2815 tempora
381 2739 470 2795 vel
494 2749 793 2795 momenta
811 2781 833 2809 ,
860 2760 995 2817 quae
1027 2739 1212 2797 Pater
1218 2743 1432 2817 posuit
1456 2744 1526 2797 in
1555 2760 1667 2797 sua
1678 2747 1980 2817 potestate.
2009 2737 2211 2816 Itaque

84 2830 128 2888 si
169 2830 530 2892 adversarius
572 2843 773 2892 noster
816 2833 910 2892 hic
947 2856 1068 2892 non
1104 2832 1366 2892 abutitur
1404 2833 1834 2914 Scripturarum
1869 2831 2210 2891 auctoritate

86 2945 150 2983 ac
175 2924 330 2985 bona
360 2926 590 2986 lectoris
626 2928 742 2988 fide
763 2974 778 3003 ,
814 2939 874 2987 et
902 2929 1175 3010 perfricta
1201 2929 1396 2987 fronte
1436 2928 1722 3010 imperitis
1749 2928 2003 3009 imponit
2021 2972 2036 3002 ,
2079 2927 2209 3008 quis

87 3018 196 3078 hoc
223 3022 408 3081 facere
444 3023 724 3082 dicendus
767 3024 841 3082 sit
868 3024 1044 3105 plane
1080 3047 1202 3083 non
1242 3023 1430 3085 vide0.
1982 3070 1988 3074 -

167 3115 306 3174 219.
353 3117 442 3176 Ad
488 3119 572 3177 7¹1¹
600 3165 615 3193 2
654 3121 806 3201 Ney.
861 3121 931 3178 Et
974 3119 1066 3178 hic
1102 3132 1314 3202 praeter
1360 3119 1671 3179 falsitatem
1718 3119 1986 3201 impietas
2032 3118 2210 3178 etiam

93 3207 405 3269 adversarii
434 3224 631 3294 patet3
664 3216 882 3297 quippe
914 3215 1210 3275 Christum
1242 3227 1309 3274 ut
1337 3215 1705 3276 seductorem
1735 3213 2022 3290 traducit,
2051 3213 2210 3295 quod
2312 3197 2321 3206 ¹

154 3425 223 3491 (l)
263 3425 490 3477 Observat
539 3448 643 3480 vero
695 3433 773 3482 hic
816 3433 1107 3482 Maldonatus
1192 3436 1415 3484 visionem
1435 3434 1695 3483 beatificam
1716 3470 1730 3494 ,
1751 3451 1852 3500 quae
1869 3435 2029 3499 utique
2045 3432 2210 3479 clarior

5 3507 15 3515 '
86 3512 473 3573 comparationem
523 3530 549 3560 a
600 3512 780 3563 Christo
829 3518 1006 3564 institui
1058 3519 1107 3565 in
1192 3519 1295 3564 erit.
1325 3515 1994 3565 Cons.BernardusaPiconio
2017 3516 2068 3561 in
2093 3512 2214 3560 Tri-

85 3593 325 3639 sanctitate
349 3627 361 3651 ‚
394 3590 492 3640 non
527 3603 682 3642 autem
712 3597 968 3661 prophetia.
1181 3596 1310 3663 plici
1335 3599 1645 3663 expositione.
1679 3597 1784 3645 Non
1821 3596 2025 3645 absolute
2070 3611 2210 3660 prop-

159 3670 225 3733 (2)
263 3671 515 3737 Prophetiae
541 3674 617 3723 hic
643 3675 890 3741 Apostolus
926 3679 1107 3744 praefert
1188 3689 1310 3729 terea
1342 3679 1546 3747 loquitur
1574 3680 1744 3730 Paulus
1769 3718 1782 3742 ,
1818 3679 1897 3729 sed
1930 3678 2141 3727 relative.
