2554 4140
301 165 423 223 266
938 185 1008 221 DE
1054 185 1202 224 vum
1246 187 1367 224 nm„
1417 188 1550 229 nv.
1595 188 1793 228 aaran.

307 331 686 392 rebellionem
706 374 723 405 7
760 341 820 390 et
849 341 1141 413 quotquot
1168 332 1479 393 Ecclesiam
1500 333 1848 394 catholicam
1870 334 2154 397 deserunt
2169 383 2185 413 7
2208 351 2275 399 ut
2304 341 2429 423 pri-

308 440 576 490 vatorum
599 424 911 485 hominum
935 426 1162 509 placitis
1192 428 1529 489 adhaereant
1549 475 1565 506 7
1598 430 1707 488 hoc
1744 430 1871 512 ipso
1903 429 2205 492 adhaerent
2237 433 2432 496 rebel-

306 522 446 580 lioni
467 567 482 591 7
522 522 749 580 sectarii
786 522 939 581 fiunt
959 568 975 598 7
1007 536 1317 585 novatores
1346 525 1441 586 vel
1470 537 1823 586 novatorum
1852 526 2184 610 participes·

394 615 530 675 143.
581 619 666 675 De
710 616 800 675 his
842 618 1224 680 novatoribus
1262 626 1386 699 jam
1430 619 1769 682 scribebant
1797 621 2056 702 Apostoli
2085 622 2149 681 in
2179 622 2438 683 Concilio

307 712 823 793 hierosolymitano
858 716 1188 796 congregati
1220 739 1233 775 ε
1271 718 1575 797 Quoniam
1609 718 1968 776 audivimus
2006 721 2156 797 quia
2182 720 2438 798 quidam

306 831 381 868 σω
425 810 595 868 nobis
638 820 914 869 exeuntes
957 813 1363 870 turbaverunt
1402 835 1499 872 vos
1542 815 1780 895 verbi-3,
1838 823 2155 873 evertentes
2198 819 2441 873 animas

308 916 533 964 vestras
545 948 566 976 ,
593 906 818 984 quibus
833 927 958 964 non
981 907 1456 982 mandavimus,
1479 920 1593 970 etc.
1622 909 1785 987 (Act.
1814 910 1913 967 XV
1936 953 1953 981 7
1983 907 2064 967 24
2085 910 2107 988 )
2132 934 2148 982 ς
2181 921 2240 970 et
2264 910 2442 991 Apos-

309 999 462 1059 tolus
494 999 569 1060 ad
610 1000 844 1060 Galatas
895 1023 908 1058 ε
957 1002 1119 1059 Sunt
1148 1003 1385 1081 aliqui,
1420 1008 1531 1082 qui
1562 1026 1659 1063 vos
1694 1006 2064 1064 conturbant
2078 1049 2100 1077 ,
2145 1016 2201 1064 ec
2236 1007 2446 1065 volunt

306 1109 642 1157 convertere
676 1098 1085 1177 Evanqelium
1127 1097 1388 1165 Cbrz’sti3
1434 1100 1536 1158 sed
1568 1101 1703 1158 licet
1746 1122 1852 1160 nos
1867 1144 1887 1172 ,
1927 1111 2039 1159 aut
2073 1102 2339 1181 Anyelus
2373 1102 2445 1159 de

306 1195 449 1252 coelo
462 1194 522 1252 E
525 1193 849 1272 varzqelizet
869 1193 1033 1251 vobis
1061 1204 1477 1273 praeterquam
1502 1196 1664 1273 quod
1682 1198 2222 1275 evanyelizavimus
2243 1198 2407 1256 vobis
2420 1239 2442 1267 ,

310 1289 636 1346 anatliema
673 1291 755 1346 sit
792 1288 964 1370 (cap.
1006 1291 1028 1346 1
1060 1334 1076 1358 7
1125 1289 1162 1348 8
1186 1289 1245 1369 );
1288 1301 1348 1349 et
1385 1288 1459 1348 ad
1499 1289 2034 1351 Thessalonicenses
2073 1313 2088 1349 τ
2130 1293 2444 1372 Roqamus

313 1406 408 1443 vos
426 1428 522 1456 ,...
561 1406 636 1443 ne
661 1389 802 1464 quis
838 1406 932 1445 vos
969 1386 1216 1445 seducat
1251 1388 1371 1447 ullo
1411 1387 1582 1446 modo
1618 1386 1707 1464 (Il
1735 1385 1934 1445 Thess·
1979 1386 2066 1457 11,
2111 1385 2225 1465 3);
2269 1399 2447 1469 atque

311 1479 388 1538 ad
418 1480 794 1540 Timotheum
830 1504 844 1541 :
868 1482 1088 1542 Erunt
1109 1483 1375 1542 homines
1400 1505 1460 1543 se
1482 1486 1641 1563 ipsos
1662 1493 1936 1541 amantes
1955 1526 1974 1554 ,
2000 1482 2254 1562 cupidi,
2281 1485 2449 1555 elati,

313 1579 596 1657 superbi,
633 1579 970 1658 blasphemi
978 1619 1078 1647 ,...
1118 1580 1189 1638 hi
1218 1584 1508 1638 resistunt
1545 1583 1821 1650 veritati,
1868 1580 2134 1639 homines
2168 1584 2455 1659 corrupti

314 1684 510 1733 mente
528 1717 549 1746 ,
583 1676 827 1754 reprobi
855 1682 1024 1736 circa
1054 1676 1231 1756 fidem
1265 1679 1287 1754 (
1315 1677 1365 1734 Il
1403 1677 1551 1736 Tim.
1591 1677 1669 1735 ΙΙΙ
1689 1721 1704 1750 7
1747 1676 1788 1734 2
1816 1687 1875 1737 et
1902 1697 2023 1757 seq.
2049 1677 2110 1757 )3
2158 1674 2447 1757 denique,

315 1779 383 1827 ut
420 1768 532 1829 alia
565 1770 878 1831 innumera
914 1771 1007 1831 his
1043 1771 1251 1831 similia
1277 1772 1613 1831 testimonia
1644 1771 2096 1853 praetermittam
2120 1817 2135 1846 7
2181 1771 2445 1830 Christus

314 1866 444 1947 ipse
461 1867 523 1924 in
544 1866 885 1951 Apocalypsi
901 1867 1282 1951 reprehendit
1306 1880 1482 1951 atque
1500 1867 1768 1948 objurgat
1783 1869 2133 1950 Episcopum
2155 1867 2442 1948 Pergami,

316 1984 385 2022 eo
411 1963 569 2044 quod
586 1961 832 2023 haberet
845 1965 908 2023 in
923 1964 1170 2024 Ecclesia
1195 1987 1296 2023 sua
1321 1975 1578 2024 tenentes
1599 1965 1941 2024 doctrinam
1966 1964 2037 2024 N
2033 1965 2444 2023 icolai'tarum.

316 2059 398 2117 Ex
432 2058 694 2118 doctrina
732 2060 909 2140 igitur
943 2060 1158 2119 Christi
1186 2072 1246 2120 et
1273 2060 1686 2142 Apostolorum
1709 2060 1805 2119 isti
1834 2081 2073 2134 omnes7
2115 2060 2215 2141 qui
2250 2060 2446 2118 insur-

316 2167 464 2234 gunt
490 2155 767 2218 adversus
791 2157 1113 2238 legitimam
1139 2159 1544 2217 auctoritatem
1566 2203 1581 2232 7
1610 2169 1677 2216 ut
1706 2158 1884 2239 ipsius
1910 2155 2193 2216 doctrinae
2215 2177 2280 2215 ac
2320 2176 2447 2213 ma-

317 2250 552 2330 gisterio
576 2274 675 2310 sua
704 2254 941 2335 propria
962 2252 1174 2336 placita
1190 2253 1552 2313 substituant
1571 2299 1587 2327 7
1607 2265 1916 2336 tamquam
1938 2252 2186 2328 totidem
2210 2263 2448 2334 pertur-

317 2345 550 2406 batores
572 2394 588 2422 7
630 2349 962 2409 seductores
982 2395 998 2425 7
1037 2350 1381 2430 evangelicae
1411 2349 1689 2409 doctrinae
1725 2361 2095 2431 corruptores
2117 2395 2133 2422 7
2169 2345 2407 2430 superbi
2427 2391 2443 2421 7

319 2454 519 2503 mente
554 2445 851 2526 corrupti7
882 2445 1117 2526 reprobi
1150 2446 1297 2504 circa
1333 2445 1510 2504 fidem
1535 2490 1551 2518 ,
1589 2444 2125 2504 anathematizandi
2149 2489 2164 2518 7
2193 2443 2443 2517 sectarii7

318 2538 578 2600 haeretici
620 2540 881 2601 habendi
925 2553 1065 2600 sunt
1108 2540 1329 2623 absque
1371 2540 1492 2600 ullo
1535 2541 1906 2613 discrimine3
1953 2562 2100 2598 nam
2139 2537 2449 2620 Apostolus

319 2635 581 2717 loquitur
619 2638 799 2696 etiam
837 2636 909 2696 de
947 2638 1049 2713 iis7
1095 2638 1195 2720 qui
1233 2637 1723 2719 subsequentibus
1763 2635 2027 2695 aetatibus
2062 2635 2444 2694 insurrecturi

320 2743 488 2790 erant
510 2779 525 2806 7
566 2732 765 2792 scribit
802 2734 959 2793 enim
986 2733 1061 2792 ad
1092 2732 1465 2793 Timotheum
1510 2756 1523 2790 ε
1557 2734 1633 2792 In
1664 2731 1995 2792 novissimis
2022 2729 2223 2790 diebus
2254 2735 2447 2788 insta-

322 2830 478 2887 bunt
499 2840 768 2910 tempora
789 2832 1167 2909 periculosa,
1211 2841 1318 2889 etc.
1351 2829 1374 2908 (
1401 2830 1452 2888 Il
1497 2830 1647 2887 Tim.
1688 2830 1802 2903 1117
1848 2828 1942 2909 1).
1977 2829 2123 2907 Ergo
2157 2847 2359 2885 omnes
2389 2837 2448 2884 et

321 2924 534 3005 singuli
554 2971 569 2999 7
598 2926 699 3008 qui
715 2926 921 3008 quovis
939 2937 1204 3008 tempore
1228 2971 1243 3000 7
1270 2924 1475 3007 quovis
1498 2923 1691 2984 colore
1713 2936 1815 2983 aut
1838 2934 2123 3006 praetextu
2142 2967 2158 2997 7
2188 2921 2449 3004 priorum

322 3033 673 3083 novatorum
709 3022 940 3102 vestigia
974 3033 1265 3082 sectantes
1285 3067 1300 3096 7
1342 3022 1578 3103 spiritus
1599 3020 1814 3102 privati
1839 3020 2115 3099 figmenta
2140 3026 2450 3099 opponunt

324 3128 573 3199 receptae
609 3116 682 3175 ab
713 3117 961 3179 Ecclesia
1000 3118 1278 3177 doctrinae
1300 3163 1314 3192 7
1346 3139 1584 3191 omnes7
1619 3117 1860 3196 inquam
1884 3160 1900 3188 7
1939 3112 2450 3173 indiscriminatim

324 3224 626 3293 tamquam
643 3212 889 3274 rebelles
910 3260 925 3289 7
959 3214 1290 3274 seductores
1305 3258 1321 3287 7
1350 3211 1785 3296 perturbatores
1806 3256 1822 3285 7
1842 3209 2079 3293 reprobi
2101 3211 2247 3268 circa
2272 3207 2450 3267 fidem

324 3308 433 3368 hoc
465 3310 595 3390 ipso
626 3321 765 3368 sunt
803 3322 864 3369 et
893 3321 1069 3370 erunt
1108 3331 1293 3392 usque
1331 3308 1407 3368 ad
1450 3306 2018 3368 consummationem
2046 3303 2258 3364 saeculi.

411 3404 549 3463 144.
600 3406 670 3463 Et
701 3428 839 3466 sane
870 3408 930 3466 in
970 3405 1144 3466 rebus
1177 3405 1348 3481 fidei7
1387 3404 1483 3466 vel
1516 3403 1786 3484 legitimae
1824 3401 2101 3462 standum
2133 3412 2224 3461 est
2249 3409 2449 3459 aucto-

326 3501 486 3560 ritati
514 3546 529 3575 7
568 3500 663 3561 vel
698 3502 925 3582 spiritui
962 3502 1213 3584 privam.
1258 3501 1319 3561 Si
1359 3501 1618 3584 primum
1655 3498 1919 3572 dicatur7
1965 3519 2101 3557 cum
2139 3491 2298 3556 nulla
2340 3492 2450 3553 alia

328 3597 640 3656 auctoritas
674 3595 932 3676 legitima
963 3598 1038 3656 sit
1074 3598 1186 3656 nisi
1222 3595 1471 3663 Ecclesia
1503 3593 1784 3654 catholica
1811 3617 1843 3653 a
1883 3594 2112 3654 Christo
2150 3590 2450 3665 instituta,

329 3693 485 3772 quod
527 3698 651 3771 jam
692 3693 1223 3753 demonstravimus
1253 3738 1270 3768 7
1320 3702 1381 3752 ct
1418 3712 1551 3749 cum
1595 3712 1801 3750 omnes
1845 3701 1906 3750 et
1949 3686 2158 3768 singuli
2205 3695 2453 3746 novato-
