2554 4140
298 159 412 219 104

929 176 998 212 DE
1042 174 1196 216 VERA
1240 178 1363 214 ΗΕΒ.
1414 178 1547 219 ADV.
1596 179 1751 217 INCR.

292 321 452 380 modi
491 320 615 398 (l),
665 318 965 397 signorum
1019 319 1146 398 (2)⁷
1206 341 1526 401 eorumque
1579 320 1880 397 omnium,
1929 343 2058 403 quae
2098 324 2422 406 praecedere

293 416 452 475 urbis
478 412 805 495 templique
835 414 1201 475 eversionem
1231 413 1529 474 debebant
1550 460 1565 489 ,
1608 436 1856 497 eamque
1887 415 2162 500 subsequi
2191 419 2281 502 (3)
2319 441 2422 478 us-

360 631 424 694 (l)
443 631 580 681 Bellis
599 641 738 698 atque
755 631 1037 682 tumultibus
1053 634 1313 681 infaustum

291 723 439 763 totum
457 715 574 762 illud
591 726 770 778 tempus
783 716 993 763 futurum
1012 726 1107 763 erat
1119 715 1313 778 (Matth.

291 812 402 845 xxiv
419 834 433 856 ‚
466 796 583 845 Luc.
617 811 693 844 xx1
709 801 744 858 >.
763 796 950 845 Tacitus
968 796 1125 859 (Hist.
1156 797 1239 845 lib.
1263 814 1279 845 ε
1299 835 1311 858 ,

294 896 395 944 cap.
436 896 464 926 2
485 881 499 942 )
520 879 637 927 illud
672 888 807 927 vocat
835 880 1053 944 opimum
1080 878 1278 927 casibus
1295 915 1314 938 ,

292 970 432 1009 atrox
466 961 662 1027 praeliis
680 999 692 1021 ,
731 961 914 1008 discors
957 960 1278 1008 seditionibus
1294 996 1310 1020 ‚

289 1046 399 1110 ipsa
439 1046 586 1092 etiam
616 1057 740 1109 pace
768 1060 968 1092 soevum.
1019 1042 1151 1091 Circa
1198 1043 1314 1091 illud

294 1138 477 1192 tempus
508 1128 559 1173 in
592 1125 751 1174 Judaea
772 1125 908 1173 bellis
933 1125 1147 1173 civilibus
1175 1143 1229 1173 ac
1242 1143 1315 1173 se-

295 1209 550 1257 ditionibus
563 1207 679 1255 ultra
691 1209 893 1256 ducenta
906 1204 1159 1256 hominum
1172 1208 1317 1256 millia

294 1292 437 1338 fuisse
477 1290 688 1339 absumta
707 1329 720 1350 ,
765 1294 815 1338 in
862 1308 967 1356 agro
999 1290 1318 1339 Alexandrino

293 1373 536 1422 foediorem
578 1373 848 1421 Judaeorum
899 1383 1101 1438 stragem
1146 1374 1318 1422 editam

295 1473 393 1505 esse
425 1456 617 1504 tradunt
639 1455 868 1521 Josephus
896 1467 940 1503 et
968 1455 1118 1504 Philo.
1146 1455 1276 1505 Peste
1302 1492 1316 1518 ‚

298 1539 422 1586 fame
467 1549 606 1604 atque
639 1538 973 1586 terraemotibus
1007 1549 1233 1587 vastatum
1263 1541 1318 1586 iri

298 1621 460 1669 orbem
480 1623 732 1685 praesagivit
748 1620 958 1668 Christus
981 1621 1167 1685 (Matth.
1190 1638 1317 1680 xxiv,

299 1703 445 1752 Marc.
470 1720 551 1751 xm
576 1740 589 1765 ,
615 1703 727 1751 Luc.
752 1705 886 1765 xxt):
920 1701 1033 1750 Erit
1059 1704 1215 1767 fames
1237 1720 1322 1750 va-

298 1785 422 1846 lida,
449 1794 775 1846 terraemotus,
812 1797 899 1834 etc.
923 1804 938 1846 ;
964 1790 1061 1853 jam
1092 1803 1199 1834 vero
1226 1785 1318 1834 Ta-

299 1873 446 1931 citus,
481 1867 618 1917 Hist.
651 1869 737 1917 lib.
783 1886 826 1929 1,
857 1886 956 1933 cap.
1000 1885 1066 1930 23
1110 1868 1319 1928 Plinius,

300 1951 442 2001 Hist.
459 1961 564 2001 nat.
589 1952 678 2000 lib.
699 1969 755 2012 11,
769 1969 870 2017 cap.
885 1949 971 2014 84,
989 1955 1039 2000 in
1055 1950 1320 2002 ediuflard.

303 2054 405 2101 cap.
443 2033 818 2095 86,terraemotu
847 2035 1084 2096 Siciliam,
1124 2036 1324 2102 Campa·

303 2122 430 2166 niam
451 2157 464 2178 ‚
507 2118 767 2166 Calabriam
786 2156 798 2178 ‚
843 2119 1043 2166 Pontum
1061 2155 1074 2181 ‚
1113 2119 1326 2167 Macedo-

304 2203 431 2249 niam
453 2238 467 2259 ‚
500 2201 722 2248 Achaiam
757 2219 977 2249 concussa
1015 2201 1326 2268 subversaque

307 2284 449 2332 fuisse
479 2284 680 2331 tradunt.
716 2284 857 2333 Fame
883 2295 1041 2333 vexata
1075 2284 1235 2333 Judaea
1261 2296 1328 2333 est

307 2365 465 2415 Actor.
482 2383 551 2426 xl,
570 2366 627 2415 de
641 2384 730 2431 qua
749 2366 846 2414 JOS.
860 2366 1325 2416 Flav.Arclzoeol.lib.

310 2466 394 2509 xx,
416 2466 519 2514 cap.
545 2447 1032 2514 12.Trip1exinltalia
1048 2451 1192 2498 fames
1210 2468 1331 2499 com—

311 2542 631 2595 memoratur3
657 2535 782 2597 prior
811 2533 898 2580 sub
928 2532 1125 2580 Claudio
1145 2534 1332 2581 univer-

312 2632 416 2662 sum
436 2614 595 2663 orbem
610 2615 829 2679 populata
845 2625 928 2675 est,
953 2615 1145 2663 testibus
1165 2615 1330 2663 Sueto·

312 2698 391 2744 nio
406 2707 449 2744 et
465 2696 614 2745 Dione
628 2699 679 2744 in
701 2696 908 2744 Claudio
923 2734 936 2754 ,
950 2708 994 2745 ct
1007 2697 1165 2746 Tacito
1190 2735 1203 2756 ‚
1219 2696 1270 2745 A
1276 2715 1332 2744 n-

312 2778 415 2827 nal.
434 2779 518 2828 lib.
538 2797 636 2840 xm,
653 2797 752 2845 cap.
770 2777 855 2843 43;
870 2781 1009 2828 altera
1024 2780 1111 2828 sub
1126 2781 1328 2841 Nerone,

315 2881 408 2928 qua
426 2862 581 2909 Romae
600 2865 785 2927 triginta
814 2864 1063 2911 hominum
1081 2864 1226 2911 millia
1255 2882 1334 2928 pe-

314 2947 511 3006 rierunt,
530 2955 643 2993 teste
668 2944 889 2994 Suetonio
910 2948 960 2992 in
977 2945 1187 3003 Nerone;
1202 2948 1333 2994 tertia

318 3037 599 3076 memoratur
620 3046 646 3075 a
670 3028 851 3087 Tacito,
876 3027 1156 3077 Annal.lib.
1172 3046 1263 3087 xvi,
1286 3047 1329 3076 c.

323 3127 338 3158 1
353 3110 403 3174 3,
422 3121 561 3175 atque
575 3127 698 3157 anno
711 3108 778 3157 66
794 3125 895 3157 aeroe
910 3111 1109 3174 vulgaris
1122 3113 1329 3175 contigit.

386 3192 456 3257 (2)
502 3191 551 3238 T
548 3208 728 3239 errores
743 3191 799 3238 de
812 3190 924 3239 coelo
939 3200 983 3239 et
997 3194 1138 3256 siqna
1156 3208 1332 3256 maqna

318 3283 463 3322 erunt
492 3274 635 3337 (Luc.
665 3289 743 3323 xxi
762 3276 797 3336 ).
822 3275 894 3323 En
917 3276 1029 3341 quid
1057 3276 1223 3324 reserat
1244 3276 1327 3324 Ta·

319 3361 435 3406 citus
458 3394 470 3416 ‚
498 3355 637 3405 Hist.
672 3357 756 3404 lib.
787 3376 834 3418 v,
855 3375 959 3423 cap.
986 3357 1077 3407 15:
1105 3357 1340 3424 Visoeper

318 3448 502 3488 noctem
551 3456 832 3487 concurrere
875 3441 1033 3499 acies,
1080 3440 1339 3488 rutilantia

319 3539 457 3571 arma
469 3560 482 3582 ‚
514 3530 558 3570 et
574 3521 732 3569 subito
749 3521 1095 3585 nubiumiqne
1109 3522 1335 3571 collucere

315 3604 544 3671 templum
563 3641 576 3664 ‚
594 3620 819 3670 empansoe
842 3612 1033 3669 repente
1061 3604 1249 3653 delubri
1260 3605 1335 3669 fo-

315 3703 389 3734 res
404 3724 418 3749 ,
457 3696 502 3735 et
530 3687 702 3736 audita
729 3688 888 3752 major
905 3686 1126 3735 humana
1148 3703 1239 3736 voa·
1255 3704 1336 3735 ezc-

1399 632 1566 681 cedere
1589 632 1714 682 Deos
1722 653 1741 696 ‚-
1773 634 1930 683 simul
1957 636 2128 700 inqens
2155 645 2310 685 motus
2343 653 2426 685 ea·-

1399 715 1669 764 cedentium
1679 753 1691 765 .

1470 797 1537 862 (3)
1580 807 1628 847 1⁰
1674 799 1823 847 Multa
1867 801 1991 849 mala
2030 799 2237 864 (Matth.
2281 817 2424 860 mv,

1400 878 1518 929 Luc.
1549 881 1661 946 xxi)
1682 900 1708 930 a
1729 882 1756 930 J
1762 880 2002 931 udaeorum
2031 883 2138 931 odio
2159 883 2428 948 perferenda

1400 964 1592 1011 nunciat
1633 965 1865 1028 Apostolis
1899 981 1912 1012 :
1957 964 2320 1030 Persequentur
2346 981 2428 1013 vos

1399 1043 1637 1092 trahentes
1667 1047 1723 1094 in
1764 1047 2045 1114 Synaqoqas
2077 1085 2091 1104 ,
2127 1060 2217 1097 etc.
2250 1049 2428 1097 Revera

1402 1124 1694 1190 Stephanum
1731 1139 1774 1176 et
1812 1139 2062 1196 utrumque
2095 1129 2323 1179 Jacobum
2350 1133 2426 1178 in-

1403 1217 1715 1272 teremeraut3
1747 1210 1936 1259 Petrum
1966 1248 1979 1271 ,
2010 1212 2207 1261 Paulum
2230 1251 2243 1274 ,
2282 1213 2428 1261 Joan-

1403 1308 1511 1339 nem
1552 1294 1603 1340 in
1653 1293 1838 1341 vincula
1878 1297 2202 1359 conjecerant3
2250 1295 2428 1362 ubique

1403 1377 1611 1438 gentium
1656 1375 1804 1438 plebis
1845 1392 1900 1424 ac
1944 1379 2210 1441 principum
2247 1381 2429 1427 animos

1404 1458 1454 1504 in
1486 1457 1727 1521 Apostolos
1767 1460 2125 1507 concitaverant.
2167 1467 2218 1506 2⁰
2263 1459 2431 1509 Hostes

1406 1541 1637 1587 moenibus
1666 1551 1812 1588 castra
1844 1542 2077 1589 admoturi
2106 1542 2272 1590 urbem
2303 1537 2443 1591 obsi-'⁵

1406 1623 1544 1671 dione
1571 1624 1900 1671 circumdatur-i
1918 1639 2015 1672 esse
2040 1625 2292 1689 dicuntur(
2311 1624 2428 1673 Luc.

1407 1722 1516 1764 xix,
1551 1703 1615 1767 43
1652 1722 1663 1753 :
1717 1704 2107 1753 Circumdabunt
2136 1716 2189 1753 te
2237 1707 2436 1754 inimici

1406 1791 1485 1836 tui
1525 1787 1683 1848 vallo,
1727 1799 1816 1837 ete.
1867 1791 1987 1837 Ante
2025 1789 2155 1836 urbis
2199 1790 2433 1837 excidium

1410 1889 1534 1918 anno
1561 1887 1608 1918 1v
1644 1870 1824 1919 Cestius
1849 1868 2012 1919 Gallus
2049 1871 2251 1935 legiones
2277 1873 2327 1919 in
2355 1890 2435 1919 ur-

1408 1955 1517 2003 bem
1547 1954 1761 2003 adduxit.
1792 1954 1977 2002 Bellum
1994 1954 2166 2003 deinde
2191 1970 2436 2019 nunquam

1409 2039 1768 2097 intermissum,
1821 2036 1971 2084 donec
2011 2035 2142 2084 Titus
2185 2054 2343 2084 muros
2385 2039 2435 2084 iu

1412 2119 1569 2166 orbem
1598 2121 1817 2166 exstruxit
1842 2129 2003 2166 contra
2033 2121 2153 2181 ipsos
2180 2119 2308 2166 urbis
2337 2136 2438 2166 mu·

1412 2218 1485 2247 ros
1506 2238 1519 2260 ‚
1549 2201 1675 2265 quod
1708 2199 1845 2264 plane
1879 2202 2153 2248 inusitatum
2184 2203 2319 2248 estin
2344 2200 2431 2247 ob-

1414 2282 1694 2330 sidionibus.
1721 2282 1774 2329 3⁰
1811 2282 1865 2329 In
1894 2280 2140 2329 montibus
2179 2283 2442 2347 perfugium

1415 2381 1618 2431 quaerere
1635 2374 1885 2413 monentur
1908 2363 2092 2429 (Matth.
2109 2364 2250 2425 xxiv):
2276 2364 2439 2424 Tunc,

1415 2450 1508 2514 qui
1528 2450 1585 2494 in
1614 2448 1654 2495 J
1655 2447 1752 2495 uda
1775 2455 1908 2509 sunt,
1928 2447 2127 2511 fuqiant
2145 2446 2210 2493 ad
2237 2455 2439 2495 montes.

1419 2530 1594 2578 Tutum
1637 2546 1795 2578 revera
1826 2532 1876 2576 in
1908 2531 2147 2577 montanis
2178 2529 2444 2593 regionibus

1416 2613 1682 2678 perfugium
1712 2611 1999 2660 Christianos
2034 2614 2084 2659 in
2112 2612 2281 2675 oppido
2305 2611 2441 2659 Pellae

1416 2698 1639 2760 reperisse
1664 2733 1675 2756 ‚
1734 2695 1873 2742 tradit
1926 2694 2155 2742 Eusebius
2215 2693 2301 2741 loc.
2359 2695 2438 2739 cit.

1417 2777 1472 2842 4⁰
1497 2778 1710 2826 Caedibus
1732 2816 1744 2838 ‚
1762 2779 1884 2826 fame
1911 2816 1923 2837 ‚
1943 2787 2068 2842 peste
2085 2775 2307 2842 populum
2323 2779 2442 2822 intra

1418 2861 1649 2910 obsessam
1697 2860 1859 2908 urbem
1912 2859 2177 2907 absumtum
2219 2859 2275 2904 iri
2307 2856 2442 2904 docet

1417 2945 1532 2992 Luc.
1548 2961 1645 3003 xx13
1662 2941 1972 2990 nutrientibus
1990 2942 2244 3005 praesertim
2263 2938 2440 2986 foedum

1418 3027 1596 3092 aliquid
1624 3037 1667 3075 et
1693 3023 1956 3073 miserabile
1971 3024 2216 3070 imminere
2235 3057 2249 3083 ‚
2270 3020 2436 3068 Matth.

1418 3127 1540 3171 xxiv,
1566 3127 1639 3158 voe
1659 3106 2002 3167 nutrientibus,
2031 3114 2131 3165 etc;
2152 3107 2441 3170 captivorum

1419 3204 1521 3258 post
1549 3194 1747 3240 excisam
1780 3190 1944 3238 urbem
1974 3192 2207 3253 ingentem
2237 3187 2440 3235 multitu-

1420 3276 1578 3323 dinem
1608 3274 1863 3322 abductum
1889 3274 1978 3333 iri,
2008 3271 2123 3318 Luc.
2149 3285 2249 3317 xxt.
2274 3268 2436 3334 Atqui,

1419 3358 1620 3422 Josepho
1665 3365 1810 3413 teste,
1855 3351 1926 3401 De
1963 3352 2080 3401 bello
2114 3351 2231 3418 jud.
2275 3350 2357 3398 lib.
2394 3367 2441 3396 vr

1422 3450 1464 3488 et
1496 3457 1591 3498 vu,
1635 3441 1754 3485 intra
1798 3454 1968 3501 paucos
2010 3434 2262 3483 obsidionis
2306 3431 2436 3491 dies,

1419 3523 1653 3585 sexaginta
1696 3520 1913 3566 funerum
1946 3516 2094 3565 millia
2136 3514 2256 3562 elata
2291 3521 2433 3570 sunt;

1417 3605 1589 3669 passim
1617 3604 1821 3667 projecta
1851 3611 2139 3649 mortuorum
2176 3610 2366 3660 corpora
2392 3596 2444 3640 in

1420 3686 1583 3736 cibum
1614 3683 1883 3735 viventibus
1904 3689 2217 3744 cesserunt;a
2247 3676 2443 3726 lactente
