2554 4140
399 141 518 178 cAr.
566 139 648 180 1v.
700 143 766 178 nn
809 142 988 180 mns'r.
1037 142 1155 183 mv.
1202 139 1272 179 Ac
1313 141 1612 179 summu.
1657 140 1787 180 nav.
2027 117 2145 178 175

32 284 110 344 ad
134 284 318 342 instar
354 282 558 362 regalis
585 282 781 358 fluvii,
817 284 919 365 qui
952 303 1067 364 quo
1095 282 1276 360 magis
1311 281 1385 340 ab
1415 283 1633 362 origine
1654 279 1942 357 abscedit,
1971 283 2137 364 aquis

35 401 105 439 eo
140 376 549 460 copiosioribus
590 376 883 437 redundat
905 421 922 451 .,
963 375 1105 435 dum
1144 384 1343 454 gentes
1394 376 1472 434 ad
1507 376 1684 435 fidem
1718 396 2010 437 conversoe
2063 376 2139 436 ad

35 495 166 534 eam
200 472 460 553 undique
492 472 797 531 confluunt
818 517 836 547 ,
885 470 1028 530 dum
1070 470 1264 528 sinum
1304 469 1492 550 aperit
1521 470 1596 528 ad
1632 470 1981 550 colligendas
2016 471 2142 531 dis-

37 568 331 648 persiones
361 565 619 640 IsraeliS.,
652 566 713 624 id
744 575 834 624 est
854 608 869 637 .‚
907 584 1110 622 eorum
1143 562 1440 638 omnium,
1473 564 1574 644 qui
1607 564 1829 623 sincere
1863 576 2039 648 atque
2064 585 2140 627 ‘ex

36 662 208 721 corde
247 662 555 722 veritatem
591 659 896 740 inquirunt
939 679 1012 717 ex
1054 657 1300 717 diversis
1343 657 1510 716 sectis
1538 703 1553 732 ,
1607 653 1702 718 vel
1748 660 1849 739 qui
1896 679 1968 720 ex
2009 662 2144 722 filiis

36 758 151 816 suis
193 757 268 816 ad
301 755 602 815 meliorem
630 753 853 832 frugem
893 774 954 811 se
997 753 1286 833 recipiunt
1313 797 1329 826 ,
1369 752 1644 833 pristinos
1680 771 1902 812 errores
1938 766 1999 814 et
2029 756 2142 816 fal-

35 851 207 911 lacias
248 848 542 929 ejurando.
591 846 784 907 Veluti
821 847 1023 909 civitas
1060 869 1235 929 super
1276 858 1541 906 montem
1584 847 1769 927 posita
1808 847 1879 907 inv
1912 849 2143 927 signum

37 967 268 1026 semper
310 954 398 1004 est
440 941 829 1025 populorum,
879 943 979 1023 qui
1020 941 1215 1001 oculos
1263 942 1326 1000 in
1372 963 1502 1000 eam
1553 940 1866 1015 attollunt,
1917 953 1979 1002 et
2017 943 2143 1024 ipsa

36 1037 431 1104 exultabunda
467 1049 526 1097 et
559 1037 816 1117 gaudens
857 1037 1004 1095 miro
1039 1058 1271 1118 semper
1300 1057 1364 1095 ac
1405 1057 1560 1096 novo
1599 1035 1896 1095 charitatis
1932 1031 2146 1096 affectu

36 1133 110 1193 ad
140 1154 202 1192 se
243 1133 540 1194 venientes
572 1132 665 1195 vel
694 1142 1054 1192 revertentes
1084 1131 1490 1214 complectitur
1508 1176 1523 1206 ‚
1557 1143 1616 1191 et
1643 1132 1895 1190 fructum
1917 1128 1983 1191 ac
2012 1147 2148 1191 con-

37 1226 380 1287 solationem
422 1227 669 1308 percipit
716 1237 804 1285 tot
835 1226 1258 1308 lacrymarum,
1306 1248 1446 1308 quas
1479 1245 1587 1308 pro
1628 1227 1708 1286 eis
1750 1225 1922 1286 fudit.
1975 1226 2147 1286 Velut

36 1322 121 1380 sol
153 1321 377 1401 fulgens
411 1323 474 1380 in
509 1321 702 1380 medio
730 1320 958 1382 nebulae
988 1344 1171 1404 usque
1202 1321 1277 1381 ad
1303 1333 1635 1382 extremum
1667 1333 1835 1382 terrae
1865 1322 2145 1382 micantes

37 1438 268 1497 semper
302 1414 492 1475 radios
530 1437 662 1475 suos
707 1418 923 1476 emittit
946 1429 1006 1476 et
1032 1418 1269 1475 nuntios
1301 1418 1456 1498 pacis
1482 1417 1556 1476 ad
1579 1434 1674 1477 eos
1694 1462 1709 1492 .‚
1753 1418 1851 1499 qui
1878 1419 1942 1478 in
1976 1429 2147 1478 tene·-

38 1510 158 1570 bris
189 1523 249 1571 et
276 1511 337 1570 in
369 1509 577 1570 umbra
606 1513 807 1571 mortis
837 1511 1043 1571 sedent
1061 1557 1078 1586 ,
1115 1523 1179 1570 ut
1206 1511 1429 1571 lumine
1454 1511 1689 1592 fulgoris
1718 1513 1806 1571 sui
1833 1513 2039 1594 perciti
2071 1512 2149 1572 ad

37 1627 167 1664 eam
199 1627 258 1664 se
280 1605 562 1686 recipiant
586 1618 644 1664 et
675 1606 913 1667 videant
946 1628 1011 1666 ac
1042 1608 1262 1668 vivant.

119 1700 259 1758 399.
306 1703 440 1760 Jam
492 1724 630 1763 vero
689 1703 930 1765 diversis
975 1705 1093 1762 imo
1135 1704 1310 1785 plane
1361 1706 1663 1763 contrariis
1703 1704 1794 1763 his
1845 1705 2145 1765 effectibus

38 1816 205 1854 causa
232 1794 542 1855 tribuenda
578 1808 685 1856 est.
730 1799 836 1856 Hic
864 1799 1052 1877 agitur
1090 1798 1161 1857 de
1193 1799 1391 1874 facti3‚
1437 1796 1563 1880 quae
1598 1801 1660 1857 in
1692 1799 1935 1859 dubium
1974 1822 2147 1861 revo-

38 1890 154 1948 cari
178 1904 515 1971 nequeunt3
552 1903 715 1952 sectae
743 1914 808 1952 ac
835 1894 1273 1975 superstitiones
1307 1915 1511 1953 omnes
1531 1941 1547 1968 ,
1579 1882 1714 1960 licet
1746 1894 2016 1954 omnibus
2043 1895 2148 1956 hu-

40 1985 228 2043 manis
258 1985 532 2067 praesidiis
569 1987 820 2047 suffultae
848 2033 863 2062 ,
906 2001 1382 2070 computrescunt
1423 2002 1483 2049 et
1511 2001 1794 2071 pereunt3
1835 1990 2148 2052 christiana

38 2078 238 2160 religio
271 2101 372 2139 seu
403 2080 682 2140 catholica
713 2082 990 2157 Ecclesia,
1030 2084 1191 2142 omni
1214 2105 1364 2166 saepe
1394 2084 1650 2144 humana
1687 2106 1797 2166 ope
1832 2085 2108 2145 destituta
2128 2130 2146 2161 ‚

39 2176 157 2232 imo
195 2172 640 2237 adversitatibus
681 2177 953 2236 omnibus
992 2200 1190 2260 pressa
1218 2223 1234 2253 7
1276 2201 1508 2261 semper
1553 2180 1743 2259 viget,
1783 2201 2014 2260 semper
2057 2181 2149 2242 vi—

39 2269 209 2328 rescit
249 2280 309 2328 et
344 2272 591 2352 proficit.
641 2271 900 2331 Profecto
938 2273 1048 2331 nisi
1090 2273 1351 2356 desipere
1399 2274 1646 2334 velimus
1673 2321 1690 2350 ,
1740 2275 1825 2334 nil
1865 2275 2023 2334 aliud
2059 2298 2152 2335 su-

40 2375 273 2446 perest,
315 2365 428 2424 nisi
471 2378 537 2424 ut
572 2365 859 2442 dicamuS,
900 2367 1027 2428 illas
1057 2381 1260 2451 utpote
1300 2371 1557 2430 humana
1591 2393 1766 2454 opera
1803 2371 1992 2453 perire
2016 2417 2033 2443 ,
2083 2382 2153 2431 ut

40 2454 307 2519 homines
335 2457 445 2542 ipsi
474 2461 749 2521 humanis
791 2462 1063 2523 omnibus
1099 2465 1587 2526 vicissitudinibus
1620 2466 1924 2546 subjacent
1963 2489 2029 2527 ac
2053 2467 2153 2529 de·

41 2575 206 2612 mum
237 2554 568 2628 intereunt3
608 2555 730 2616 haec
765 2582 904 2619 vero
951 2571 1156 2642 utpote
1194 2561 1407 2620 divinae
1442 2562 1678 2642 originis
1731 2562 1928 2622 divina
1978 2563 2154 2623 adsis-

43 2649 225 2708 tentia
256 2670 321 2708 ac
358 2651 479 2710 vita
508 2652 656 2711 vivit
675 2698 690 2726 ,
731 2653 916 2714 donec
946 2655 1190 2737 expletis
1221 2656 1437 2715 saeculis
1473 2679 1538 2716 ac
1577 2658 1786 2716 mundi
1811 2679 1983 2717 cursu
2020 2680 2154 2718 can-

42 2743 219 2802 ticum
256 2744 494 2825 incipiat
522 2747 878 2807 aeternitatis.
1100 2745 1104 2748 .

95 2925 99 2929 A
127 2833 268 2897 400.
317 2841 501 2917 Hujus
549 2841 761 2903 divinae
791 2844 1143 2906 adsistentiae
1180 2868 1312 2927 erga
1347 2848 1653 2909 Ecclesiam
1687 2871 1853 2911 suam
1892 2872 2155 2933 perenne

46 2931 255 3014 pignus
297 2946 471 3016 atque
502 2950 911 3016 argumentum
950 2953 1088 3000 sunt
1119 2941 1271 3000 dona
1302 2945 1765 3025 supernaturalia
1805 2957 1981 3027 atque
2014 2947 2156 3008 cha-

49 3027 282 3086 rismata
303 3073 320 3103 ,
355 3028 562 3110 quibus
592 3054 823 3116 semper
858 3034 1162 3094 abundant
1194 3060 1313 3096 non
1346 3040 1516 3120 pauci
1550 3062 1619 3099 ex
1658 3041 1787 3100 filiis
1823 3044 1976 3117 suisz,
2002 3064 2156 3125 ,pro-

50 3120 263 3200 phetiae
304 3134 363 3181 et
395 3125 706 3204 miracula,
747 3150 873 3210 quae
916 3152 1221 3212 nunquam
1259 3136 1320 3191 in
1364 3134 1614 3195 Ecclesia
1647 3157 1770 3196 esse
1816 3139 2154 3213 desierunt;

53 3216 296 3275 virtutes
327 3239 527 3278 omnes
550 3267 565 3296 7
596 3243 719 3303 quae
748 3223 1133 3299 heroicitatis„
1176 3228 1261 3285 uti
1293 3228 1533 3303 dicitur,
1562 3231 1813 3314 =gradum
1841 3220 2157 3313 attingunt.

53 3312 182 3369 Non
217 3313 544 3390 ignoramus
580 3318 904 3378 incredulos
926 3365 942 3394 ,
985 3322 1410 3397 ProtestanteS,
1451 3323 1727 3401 bibliam,
1772 3329 2157 3387 rationalistas

53 3404 191 3464 falsa
223 3409 460 3467 scientia
491 3421 786 3473 tumentes
819 3414 939 3474 haec
967 3433 1240 3497 spernere
1271 3428 1444 3500 atque
1469 3420 1741 3497 irridere,
1770 3443 1879 3483 nec
1902 3424 2116 3482 mirum
2137 3468 2154 3497 ‚

54 3521 236 3580 quum
274 3504 543 3563 vaticinia
566 3507 690 3588 ipsa
722 3530 786 3568 ac
815 3510 1090 3570 miracula
1127 3510 1342 3572 biblica
1379 3514 1674 3593 rejiciant3
1708 3517 1826 3578 haec
1860 3527 2058 3577 tamen
2085 3517 2164 3576 ir-

57 3595 189 3655 risio
214 3642 231 3673 ,
252 3597 346 3658 hic
361 3611 733 3683 contemptus
748 3604 898 3666 facta
921 3607 1296 3669 testatissima
1320 3630 1386 3670 ac
1399 3610 1648 3687 juridica
1675 3635 1798 3674 non
1826 3612 2157 3674 destruunt.
