2554 4140
323 141 441 199 250
959 160 1027 195 nu
1071 158 1223 197 VERA
1268 161 1389 196 nm..
1435 160 1568 203 Anv.
1615 162 1823 202 unua.

324 305 386 363 in
423 301 658 381 reliquis
693 299 1002 360 Ecclesiam
1023 301 1365 362 catholicam
1388 325 1589 363 veram
1611 304 1791 365 fidem
1814 306 2119 367 retinuisse
2140 332 2158 381 ς
2198 310 2331 369 hinc
2347 355 2365 387 ,
2389 310 2435 369 si

324 417 731 482 percurramus
755 396 1033 456 circulum
1060 399 1468 475 articulorum,
1500 421 1643 482 quos
1672 389 1913 461 seorsim
1941 402 2178 481 singulae
2198 403 2438 467 haereti-

323 514 525 554 corum
553 504 722 552 sectae
759 514 893 552 cum
931 494 1175 554 Ecclesia
1202 495 1481 557 catholica
1513 496 1940 578 profitebantur
1963 497 2059 558 vel
2084 497 2274 559 adhuc
2297 521 2436 583 pro-

322 590 597 661 fitentur,
633 589 990 671 completum
1015 590 1360 651 habebimus
1392 604 1451 652 et
1479 592 1811 652 absolutum
1835 594 2118 653 doctrinae
2143 594 2442 657 catholicae

324 706 533 767 corpus
555 707 658 745 seu
689 684 1090 746 collectionem
1116 689 1382 746 omnium
1412 688 1752 768 dogmatum
1788 689 1927 748 fidei
1950 701 2197 765 nostrae3
2236 712 2352 773 quo
2376 692 2444 751 fit

324 793 391 841 ut
424 781 682 842 haeretici
717 781 827 863 ipsi
855 827 872 858 .,
911 781 1048 842 licet
1073 783 1285 855 inviti,
1331 783 1580 843 totidem
1623 785 1741 843 sint
1782 783 2226 844 luculentissimi
2268 797 2447 845 testes

323 898 475 937 verae
496 877 632 937 fidei
654 921 671 953 ‚
698 899 875 959 quam
896 877 1143 937 Ecclesia
1168 876 1451 937 catholica
1464 900 1697 961 semper
1715 880 1969 962 professa
1989 891 2095 939 est.
2112 879 2282 954 Quod
2306 901 2447 941 vero

325 974 537 1033 attinet
564 974 639 1035 ad
667 973 943 1033 veritates
966 1018 982 1047 ,
1013 994 1156 1053 quas
1184 972 1294 1054 ipsi
1325 972 1662 1052 singillatim
1685 976 2141 1057 impugnarunt,
2170 975 2332 1035 nulla
2357 987 2448 1035 est

325 1069 472 1128 ratio
500 1068 720 1128 curbis
750 1067 945 1149 potius
979 1088 1158 1148 quam
1196 1066 1309 1124 illis
1350 1069 1754 1130 assentiamur.
1801 1073 1858 1129 Si
1889 1071 2048 1131 enim
2075 1072 2249 1130 simul
2282 1071 2449 1130 colli-

326 1175 603 1245 gerentur
626 1162 852 1221 articuli
875 1162 1116 1221 seorsim
1143 1160 1217 1219 ab
1238 1162 1379 1243 ipsis
1402 1163 1597 1243 negati
1614 1207 1630 1238 ,
1649 1168 1774 1241 jam
1798 1165 1993 1224 nullus
2014 1165 2185 1224 nobis
2202 1176 2449 1225 restaret

327 1259 602 1318 articulus
656 1257 794 1316 fidei
816 1302 831 1333 ,
890 1268 1066 1340 atque
1107 1257 1169 1316 in
1212 1257 1483 1340 pluribus
1535 1258 1805 1341 perfectae
1862 1261 2036 1319 simul
2091 1260 2452 1321 haberentur

327 1352 801 1414 contraditioneS.

409 1450 515 1511 98.
556 1450 720 1509 Patet
763 1448 828 1507 30
864 1447 1073 1510 eadem
1112 1449 1327 1510 veritas
1377 1471 1448 1509 ex
1483 1460 1769 1531 perpetua
1809 1449 2171 1510 dissensione
2209 1449 2453 1510 haereti-

330 1567 533 1605 corum
555 1546 618 1604 in
651 1544 1056 1604 constituenda
1090 1566 1226 1605 vera
1265 1556 1325 1603 et
1353 1556 1507 1604 certa
1534 1544 1752 1627 epocha
1775 1591 1790 1620 ‚
1826 1557 1885 1604 et
1910 1546 1975 1603 in
2002 1545 2453 1605 determinando

328 1663 470 1702 vero
497 1652 731 1701 auctore
767 1641 1196 1717 innovationi8‚
1230 1663 1359 1722 quae
1390 1647 1562 1719 juxta
1598 1641 1753 1722 ipsos
1786 1640 1850 1699 in
1879 1640 2126 1700 Ecclesia
2167 1641 2452 1700 catholica

329 1737 645 1820 aliquando
687 1735 1018 1795 introducta
1073 1736 1203 1795 fuit.
1264 1737 1697 1796 Centuriatores
1754 1736 2281 1818 magdeburgenses
2341 1733 2451 1795 sibi

329 1832 737 1894 contradicunt
762 1833 887 1913 (l);
922 1833 1316 1915 Hospinianus
1341 1844 1571 1892 accusat
1604 1834 1662 1892 S.
1689 1834 2031 1913 Gregorium
2055 1835 2133 1893 M.
2171 1844 2451 1915 tanquam

330 1940 627 1990 auctorem
665 1930 1094 2012 superstitionis
1122 1940 1182 1990 et
1200 1927 1542 1989 idololatriae
1575 1930 1700 2009 (2);
1742 1929 2012 1988 minister
2042 1927 2315 1988 Claudius
2345 1950 2455 1988 sae-

330 2025 529 2086 culum
544 2027 647 2087 VII
675 2037 941 2086 recenset
967 2025 1159 2086 adhuc
1181 2027 1336 2085 inter
1361 2047 1563 2085 aureos
1586 2024 1851 2084 Ecclesiae
1886 2023 2006 2084 dies
2038 2023 2157 2104 (3);
2195 2023 2455 2083 Andreas

331 2124 570 2183 Rivetus
604 2123 958 2181 sententiam
998 2121 1140 2181 dicit
1179 2143 1553 2181 communem
1598 2121 1867 2180 omnibus
1914 2120 2248 2182 Calvinistis
2292 2141 2451 2194 esse,

332 2217 490 2300 quod
511 2217 893 2276 Antichristus
912 2218 1142 2296 signum
1162 2239 1263 2276 seu
1287 2216 1568 2277 vexillum
1591 2215 1822 2299 publice
1849 2217 2097 2275 erexerit
2119 2217 2182 2274 in
2206 2215 2453 2274 Ecclesia

331 2323 465 2394 post
489 2324 791 2371 sexcentos
821 2334 1006 2371 annos
1034 2334 1066 2370 a
1100 2311 1329 2371 Christo
1369 2323 1507 2370 nato
1537 2311 1659 2391 (4);
1704 2311 1800 2370 alii
1838 2311 2227 2370 communiter
2255 2309 2349 2370 vel
2379 2308 2455 2368 ad

333 2408 606 2490 quintum
631 2406 727 2468 vel
751 2418 983 2467 sextum
1006 2407 1278 2466 saeculum
1295 2407 1657 2485 restringunt
1682 2428 1884 2465 aureos
1911 2406 2172 2465 Ecclesiae
2195 2404 2316 2464 dies
2337 2405 2451 2485 (5);

335 2503 607 2563 dominus
649 2501 968 2583 d'Aubigne
1013 2513 1264 2584 quatuor
1304 2504 1499 2584 priora
1542 2502 1766 2582 integra
1809 2500 2012 2560 saecula
2057 2522 2127 2559 ex
2171 2521 2455 2559 consensu

334 2601 740 2659 ministrorum
779 2598 1219 2659 calvinistarum
1252 2591 1431 2658 habet
1465 2620 1572 2680 pro
1602 2597 1800 2677 regula
1828 2595 2002 2671 fidei3
2045 2595 2280 2656 Gibbon
2305 2595 2458 2654 affir-

334 2707 494 2770 mat,
540 2694 699 2777 quod
733 2716 909 2754 nemo
951 2695 1315 2755 eruditorum
1342 2695 1609 2754 resistere
1644 2694 1827 2775 possit
1867 2693 2113 2775 ponderi
2150 2691 2456 2753 evidentiae

335 2791 657 2866 historicae,
701 2813 832 2874 quae
874 2802 1125 2850 testatur
1168 2813 1273 2873 per
1314 2801 1501 2849 totam
1542 2788 1852 2872 periodum
1897 2800 2146 2871 quatuor
2188 2789 2455 2870 priorum

337 2886 681 2948 saeculorum
710 2886 1002 2970 praecipua
1026 2898 1244 2970 puncta
1263 2885 1538 2945 doctrinae
1564 2886 1858 2969 papisticae
1876 2885 2115 2968 (nempe
2138 2882 2454 2963 catholicae)

330 2986 455 3059 Jam
495 2980 751 3041 admissa
796 2982 969 3042 fuisse
1011 2982 1327 3043 theoretice
1370 2992 1429 3041 et
1471 2982 1721 3063 practice
1764 2980 1894 3060 (6);
1941 2982 2192 3042 Newton
2235 2980 2455 3039 fatetur

408 3255 477 3318 (1)
513 3253 611 3314 cfr,
647 3255 882 3304 Centurio
916 3266 991 3318 ι’,
1024 3256 1109 3305 lib.
1131 3273 1197 3317 11,
1222 3274 1267 3306 c.
1300 3254 1352 3320 4,
1513 3256 1584 3320 (8)
1620 3255 1822 3305 Ibidem.

340 3355 391 3402 p.
422 3334 515 3385 138
535 3370 552 3396 ‚
586 3345 690 3384 tum
710 3336 848 3386 Cem.
878 3355 955 3399 ιιι,
991 3356 1036 3387 e.
1066 3338 1096 3388 5
1117 3375 1129 3399 ,
1150 3357 1200 3404 p.
1240 3336 1352 3402 145,
1506 3340 1572 3403 (la)
1612 3338 1789 3386 Cretici
1809 3339 1958 3385 sacri.

341 3420 415 3468 ed.
443 3418 585 3468 Basil.
616 3422 727 3467 anui
750 3417 907 3481 1562,
934 3431 979 3470 et
1003 3419 1113 3470 alibi
1146 3423 1314 3486 passim
1340 3458 1353 3481 ,
1506 3421 1574 3483 (5)
1611 3420 1672 3469 V.
1714 3419 1926 3468 Bellarm.
1970 3420 2056 3469 lib.
2093 3436 2139 3467 ιν
2161 3457 2175 3480 ,
2225 3418 2303 3468 De
2332 3416 2456 3464 notis

341 3502 571 3569 siquidem
603 3518 785 3566 semper
808 3502 998 3552 haerent.
1437 3501 1676 3551 Ecclesia»
1704 3501 1962 3551 militantis
1986 3539 2000 3562 ‚
2029 3520 2135 3566 cap.
2167 3499 2219 3549 6.

410 3585 474 3646 (2)
511 3583 647 3649 Apud
667 3600 950 3648 anonymum
980 3589 1355 3651 impugnatorem
1509 3583 1580 3648 (6)
1619 3580 1768 3633 Mem.
1814 3595 1926 3632 tom.
1963 3601 1979 3632 1
2008 3624 2022 3635 .
2061 3601 2104 3631 c.
2157 3599 2171 3628 ι
2197 3617 2212 3639 ,
2237 3581 2457 3629 versionis

344 3666 583 3729 Gibbonii,
629 3665 741 3715 edit.
769 3665 923 3714 Pisan.
1446 3665 1639 3729 gallicae.
