2554 4140
314 46 434 106 236
943 71 1012 106 »Β
1056 68 1205 110 VERA
1247 70 1369 108 nm..
1420 70 1551 113 Anv.
1603 74 1784 113 itm-131³.

316 213 588 271 minatim
619 211 971 272 credendam
1002 235 1111 296 per
1138 214 1448 276 Ecclesiam
1472 237 1505 275 a
1535 238 1595 277 se
1616 218 1949 278 institutam
1974 225 2273 304 proposuit
2296 272 2311 301 ,
2342 226 2439 286 di-

312 326 449 367 cens
487 329 501 366 t
542 308 755 367 Docete
787 329 987 369 omnes
1003 321 1202 391 yences
1226 333 1461 371 servare
1492 316 1700 372 omnia
1724 334 2114 395 quoecumque
2146 322 2440 382 mandavi

311 404 540 461 vohis..
580 404 708 483 Qui
743 426 858 464 non
888 407 1249 480 crediderit,
1286 409 1841 491 condemnabitur(
1869 410 2079 471 Matth.
2125 433 2250 495 cap.
2286 415 2433 492 ult.;

310 498 487 558 Marc.
524 500 690 575 XVI,
726 501 863 582 16).

393 593 493 653 70.
539 595 814 677 Sequitur
836 595 903 655 5⁰
925 599 1213 659 unitatem
1246 599 1461 661 debere
1489 603 1865 683 perpetuari,
1902 602 2138 684 qualem
2175 604 2441 665 Christus·

310 690 436 771 ipse
449 711 580 750 eam
594 691 879 767 instituit3
903 697 1182 772 jamvero
1201 694 1463 755 Christus
1478 718 1608 756 eam
1623 720 1744 756 non
1761 696 1948 757 solum
1973 710 2236 759 constare
2253 698 2440 761 voluit

319 805 388 842 ex
425 786 653 846 unitate
690 808 792 847 seu
822 787 1130 849 identitate
1164 789 1303 849 fidei
1343 801 1404 849 et
1438 812 1511 850 ex
1549 792 1894 854 eorumdem
1927 795 2440 857 Sacramentorum

309 881 788 964 participatione,
835 905 1041 943 verum
1074 884 1251 944 etiam
1289 905 1361 944 ex
1394 886 1622 946 unitate
1656 890 1952 968 regiminis
1974 935 1990 956 ,
2039 911 2104 948 ac
2139 890 2461 973 speciatim·

310 996 384 1035 ex
413 979 639 1037 unitate
668 978 870 1060 capitis
896 978 1137 1041 visibilis
1154 1024 1171 1055 ‚
1208 979 1366 1061 quod
1389 981 1675 1041 universae
1710 1000 1743 1041 a
1769 1005 1830 1043 se
1867 984 2150 1044 institutae
2176 985 2438 1066 praefecit

309 1071 612 1148 Ecclesiae,
658 1074 901 1132 Petrum
940 1072 1102 1149 dieo,
1153 1074 1244 1133 cui
1291 1074 1554 1135 Christus
1602 1076 1761 1157 apud
1800 1079 2142 1139 Matthaeum
2178 1082 2259 1140 ait
2298 1104 2312 1139 ε
2353 1081 2440 1140 Ec

309 1190 407 1249 eqo
433 1170 565 1227 dico
594 1170 747 1243 tibi,
787 1175 936 1249 quia
972 1179 1038 1228 tu
1069 1191 1127 1229 es
1160 1171 1418 1243 Petrus,
1463 1182 1519 1230 et
1557 1192 1744 1252 super
1779 1173 1937 1232 hanc
1969 1185 2207 1253 petram
2243 1177 2436 1255 oedifi-

309 1266 455 1323 cabo
477 1265 814 1325 Ecclesiam
850 1288 1084 1339 meam,
1123 1277 1381 1347 etportoe
1409 1270 1607 1347 inferi
1634 1288 1757 1327 non
1781 1264 2203 1349 praevalebunt
2219 1273 2437 1331 adver-

307 1383 411 1421 sus
444 1383 619 1434 eam,
656 1373 712 1421 et
732 1364 853 1422 tihi
883 1364 1038 1423 daho
1074 1364 1264 1423 claves
1295 1366 1471 1445 requi
1506 1365 1790 1423 coelorum
1803 1408 1825 1437 ,
1856 1375 1911 1423 et
1935 1366 2344 1446 quodcumque
2366 1367 2447 1426 li-'

302 1463 547 1539 qaveris
569 1471 1014 1540 superterram
1035 1506 1051 1535 7
1091 1465 1209 1519 erit
1237 1461 1497 1541 ligatum
1527 1471 1583 1519 et
1606 1464 1675 1520 in
1711 1463 1872 1520 coelic
1890 1505 1914 1533 ,
1947 1472 2005 1520 et
2022 1463 2438 1543 quodcumque

309 1560 553 1615 solveris
571 1578 758 1636 super
774 1567 1034 1629 terram,
1056 1561 1178 1616 erit
1202 1558 1465 1616 solutum
1483 1568 1540 1616 et
1555 1562 1625 1616 in
1648 1559 1809 1618 coelis
1832 1556 2083 1636 (Matth.
2117 1560 2243 1618 XVI
2259 1604 2275 1634 7
2312 1559 2431 1639 18).

308 1651 394 1710 Ac
435 1673 671 1710 rursum
714 1652 876 1733 apud
916 1653 1210 1712 Joannem
1253 1651 1443 1712 eidem
1488 1655 1661 1713 Petro
1694 1676 1708 1714 ε
1755 1654 1943 1713 Pasce
1985 1675 2169 1735 aqnos
2209 1675 2430 1714 meos...

299 1767 482 1826 pasce
509 1768 636 1806 oves
667 1769 830 1809 meas
878 1749 1095 1831 (Joan.
1124 1749 1253 1808 XXI
1277 1794 1293 1824 ,
1333 1748 1407 1806 15
1441 1759 1500 1808 et
1530 1770 1692 1831 seqq.
1714 1749 1759 1828 ).
1815 1751 1956 1822 Quae
1990 1747 2169 1809 verba
2194 1748 2267 1808 de
2294 1770 2436 1811 vera»

308 1843 716 1924 superioritate
752 1845 1092 1927 potestatiS‚
1143 1844 1381 1904 honoris
1414 1865 1479 1904 ac
1513 1844 1934 1923 jurisdictionis
1973 1845 2146 1904 Petro
2192 1849 2434 1927 ejusque

309 1938 736 1999 successoribus
762 1939 970 2000 collata
1003 1962 1237 2023 semper
1260 1940 1553 2002 intellexit
1583 1939 1848 2001 Ecclesia.
1883 1941 2160 2022 Sequitur
2183 1939 2434 2023 proinde

309 2034 704 2096 schismaticos
727 2058 851 2097 esse
879 2059 975 2097 eos
1002 2058 1206 2109 omnes
1228 2083 1244 2114 ,
1279 2038 1379 2120 qui
1403 2036 1476 2096 ab
1510 2036 1620 2097 hoc
1649 2037 1838 2120 capite
1866 2058 1931 2096 ac
1955 2037 2198 2096 unitatis
2232 2047 2434 2098 centro

310 2152 372 2190 se
428 2130 843 2194 subduxerunt
885 2133 982 2197 vel
1023 2133 1350 2194 identidem
1394 2131 1732 2193 subducunt
1756 2179 1772 2209 ,
1817 2131 2065 2215 ideoque
2107 2132 2181 2192 ad
2224 2132 2441 2191 Christi

310 2226 624 2287 Ecclesiam
662 2229 825 2289 nulla
867 2231 1094 2290 ratione
1136 2230 1465 2312 pertinere,
1524 2230 1626 2310 qui
1668 2231 1839 2288 Petro
1882 2233 2121 2309 ejusque
2164 2226 2439 2307 legitimis

309 2323 734 2384 successoribus
756 2347 879 2385 non
910 2325 1249 2400 adhaerent3
1281 2346 1390 2385 nec
1414 2324 1732 2407 quidquam
1764 2324 2075 2407 Episcopos
2097 2324 2161 2382 in
2187 2322 2435 2383 Ecclesia

308 2441 514 2502 posse,
562 2421 721 2503 quod
759 2419 1129 2502 gubernandi
1164 2431 1514 2504 potestatem
1551 2421 1801 2495 attinet,
1845 2419 1958 2478 nisi
1991 2440 2123 2478 cum
2166 2421 2339 2478 Petro
2373 2429 2433 2478 et

304 2515 412 2575 sub
461 2519 632 2577 Petro
653 2563 670 2593 .,
717 2539 853 2578 cum
894 2516 1002 2578 sub
1034 2516 1144 2577 hac
1175 2515 1506 2577 conditione
1537 2527 1773 2577 tantum
1812 2515 1923 2597 ipsi
1955 2526 2201 2574 utantur
2247 2514 2429 2596 privi-

304 2610 466 2691 legiis
505 2635 607 2673 seu
647 2614 1082 2696 praerogativi8‚
1135 2612 1345 2697 quibus
1385 2612 1647 2672 Christus
1686 2612 2097 2694 Episcopatum
2134 2610 2426 2669 instruxit.

304 2706 530 2767 Unitati
582 2709 874 2792 siquidem
903 2755 920 2786 ,
973 2721 1040 2769 ut
1096 2708 1457 2770 ostendimus
1478 2754 1495 2784 ,
1552 2707 1819 2768 Christus
1875 2707 1980 2768 has
2023 2707 2428 2789 praerogativas

303 2804 586 2863 concessit
611 2805 720 2887 (1).

1126 2985 1607 3029 DIFFICULTATES.
1670 3031 1673 3033 a

382 3164 481 3223 71.
531 3163 664 3243 Obj.
706 3167 917 3249 primo,
958 3166 1177 3228 Eodem
1215 3164 1390 3226 modo
1424 3187 1491 3225 ac
1523 3163 1771 3224 Ecclesia
1804 3172 1892 3223 est
1932 3185 2082 3238 una7
2123 3175 2211 3223 est
2248 3165 2420 3224 etiam

301 3271 534 3335 sancta3
579 3282 713 3341 ergo
751 3264 898 3323 sicut
931 3265 1187 3346 pravitas
1214 3285 1446 3323 morum
1476 3263 1537 3321 in
1565 3258 1882 3323 individuis
1908 3283 2030 3320 non
2060 3259 2237 3319 officit
2271 3281 2422 3320 verae

369 3494 436 3560 (l)
460 3495 522 3544 Ut
544 3505 668 3560 patet
683 3513 735 3544 ex
756 3495 879 3544 facto
893 3531 907 3557 ,
926 3507 1042 3547 etex
1059 3498 1347 3549 confessione
1368 3498 1574 3563 ipsorum
1592 3493 1941 3543 incredulorum
1959 3493 2143 3543 Gibbon
2170 3501 2214 3541 et
2240 3489 2413 3550 Humo,

304 3596 422 3644 quos
438 3579 631 3629 inferius
655 3579 961 3630 adducemus.
