2554 4140
279 73 394 134 190

931 87 999 123 DE
1046 83 1196 126 VERA
1241 84 1365 122 REI..
1416 84 1557 126 Anv.
1604 85 1757 125 mun.

360 235 503 296 428.
543 231 631 293 Ad
652 232 764 305 7¹¹¹,
784 250 883 289 seu
900 229 986 287 2¹1¹
1003 228 1336 288 confirmat.
1358 228 1510 309 Ney.
1537 250 1608 288 ex
1627 228 1846 310 duplici
1861 232 2103 293 ratione.
2127 233 2200 294 Ac
2223 236 2414 317 primo

278 330 520 416 quidem
563 326 726 386 nulla
765 325 940 385 datur
978 324 1314 398 circulatiO,
1375 335 1440 382 ut
1472 330 1676 403 ajunt⁷
1723 346 1827 385 seu
1859 327 2066 408 petitio
2104 329 2415 414 principii,

280 429 424 494 dum
459 446 566 508 per
606 423 884 484 effectum
918 421 1236 502 assurgitur
1271 419 1348 479 ad
1377 442 1611 480 causam
1639 467 1653 497 a
1685 421 1779 481 vel
1809 444 1841 481 a
1883 444 2052 483 causa
2086 426 2419 507 proceditur

274 700 503 772 produits
523 699 646 748 dans
672 714 747 747 ces
774 695 1030 764 &pidemies
1053 693 1309 743 d'enthou-

281 788 454 836 siasme
482 782 599 832 dont
623 798 687 830 on
720 790 883 829 trouve
920 787 1025 826 tant
1064 777 1123 825 de
1157 786 1311 824 traces

284 869 408 917 dans
421 865 653 914 l’histoire
671 902 684 923 ‚
704 870 805 911 tout
822 859 1107 928 imparfaite
1137 856 1309 923 qu'elle

286 947 622 1017 estjusqu’iei.
650 942 725 994 M.
744 944 786 992 le
804 943 873 991 D.
904 940 1155 991 Bertrand
1171 956 1201 987 a
1213 939 1314 1005 fait

287 1051 359 1084 un
374 1047 581 1095 ouvraqe
596 1030 761 1077 estime
783 1042 870 1074 sur
883 1033 954 1073 cet
969 1029 1065 1073 etat
1078 1023 1307 1081 d'extase,

287 1117 403 1166 dont
446 1114 488 1162 Ie
520 1109 839 1177 maynetisme
870 1106 1123 1173 reproduit
1157 1105 1188 1152 ὰ
1233 1120 1317 1152 vo·

288 1199 418 1249 lame
441 1192 794 1244 l‘imensibilile
809 1189 1024 1257 parsaite
1053 1189 1237 1251 (Recit.
1263 1186 1320 1235 do

291 1284 378 1332 M.
398 1278 611 1343 Cloquet‚
636 1294 696 1324 en
710 1276 827 1324 avril
851 1271 1019 1340 1829).
1042 1271 1101 1320 At
1130 1280 1175 1319 1⁰
1196 1270 1323 1319 unde

291 1364 457 1413 didicit
475 1359 700 1426 majorem
717 1368 970 1422 martyrum
991 1366 1169 1421 partem
1188 1363 1325 1403 extra

292 1462 342 1494 se
384 1451 549 1511 raptos
594 1443 765 1500 fuisse,
798 1458 907 1489 cum
942 1440 990 1487 id
1019 1457 1117 1486 non
1147 1439 1326 1504 legatur

293 1531 385 1579 nisi
415 1528 473 1576 de
513 1543 609 1575 uno
657 1524 730 1573 vel
760 1525 902 1572 altero
924 1525 949 1570 ‘I
984 1522 1119 1571 Certe
1166 1531 1326 1570 auctor

296 1621 451 1662 noster
482 1620 586 1658 acta
619 1617 878 1674 martyrum
914 1623 1069 1673 neque
1101 1624 1127 1653 a
1164 1605 1329 1653 limine

297 1714 346 1746 se
372 1694 593 1744 salutasse
623 1691 858 1753 ostendit,
892 1690 1009 1738 dum
1030 1688 1141 1737 talia
1167 1688 1330 1736 obtru-

298 1780 389 1829 dit.
422 1786 475 1826 20
513 1775 620 1842 Quo
646 1775 956 1824 fundamento
992 1773 1153 1822 asserit
1182 1771 1330 1820 chris·

299 1865 451 1911 tianos
486 1866 713 1926 martyres
746 1856 810 1907 ob
845 1857 1048 1907 theorias
1083 1854 1332 1922 metaphy-

301 1948 415 1995 sieas
431 1944 626 1994 subiisse
646 1943 942 2007 martyrium,
968 1950 1013 1989 et
1034 1957 1129 1988 non
1144 1941 1296 2006 potius
1317 1975 1331 2000 ,

305 2039 356 2077 ut
388 2027 675 2077 ostendimus
694 2062 706 2085 ‚
748 2024 807 2072 ad
839 2023 1131 2071 testificanda
1172 2022 1292 2070 facta
1316 2057 1333 2086 ‚

306 2127 414 2177 quae
431 2109 519 2158 sub
537 2107 750 2157 sensibus
765 2099 978 2155 cadunt?
999 2105 1049 2153 3⁰
1063 2103 1165 2170 Qua
1183 2105 1336 2153 fronte

307 2193 450 2243 audet
478 2190 692 2257 praeferre
712 2189 876 2238 viduas
896 2188 1074 2236 indicas
1099 2189 1149 2235 in
1178 2190 1338 2252 ignem

308 2294 357 2326 se
389 2276 692 2342 conjicientes
717 2271 1005 2338 martyribus
1040 2271 1301 2319 christianis
1323 2306 1337 2329 ‚

311 2361 396 2426 qui
424 2358 485 2406 ab
511 2357 613 2405 aliis
650 2355 778 2405 illata
796 2373 808 2383 ·
825 2363 1057 2403 tormenta
1087 2364 1138 2401 et
1169 2356 1341 2400 imma-

312 2443 532 2491 nissimos
577 2440 811 2488 cruciatus
852 2436 1145 2503 perferebant
1171 2473 1185 2496 ,
1227 2437 1341 2485 dum

313 2525 409 2574 itlae
432 2540 538 2574 vere
553 2524 801 2572 fanatismo
830 2521 1034 2586 abreptas
1055 2555 1070 2583 ,
1094 2537 1175 2568 seu
1192 2522 1346 2585 potius

315 2608 378 2657 ad
405 2606 731 2672 effugiendum
756 2604 996 2670 publicum
1018 2602 1280 2652 ludibrium
1300 2613 1347 2653 et

316 2692 625 2758 ignominiam
643 2689 692 2738 id
716 2698 928 2754 praestent
943 2723 957 2748 ‚
992 2698 1046 2736 ut
1069 2688 1212 2736 refert
1231 2687 1346 2737 Bar-

318 2775 401 2823 toli
425 2776 477 2822 in
502 2771 633 2822 Asia
651 2809 667 2831 ‚
696 2788 788 2821 nec
819 2773 917 2837 ipse
950 2771 1175 2820 diffitetur
1205 2771 1346 2837 paulo

319 2857 445 2906 insta
476 2857 638 2905 dicens
680 2872 693 2903 ε
733 2855 826 2904 Ces
849 2856 1031 2922 jeunes
1056 2853 1257 2919 femmas
1292 2853 1351 2902 de

322 2935 489 2986 l’Inde
503 2954 553 2987 se
572 2937 874 3004 br'ztlentpar
894 2936 1119 2986 honneur
1139 2975 1151 2995 ‚
1170 2954 1353 2986 comme

323 3039 387 3071 en
414 3020 615 3087 Europe
635 3037 698 3068 on
718 3037 767 3068 se
799 3021 882 3068 bat
903 3039 963 3069 en
988 3020 1137 3070 duel?
1153 3021 1206 3086 40
1223 3021 1353 3087 Quo-

327 3103 472 3154 modo
503 3103 782 3170 persuadere
801 3108 969 3170 poterit
997 3105 1086 3154 sibi
1118 3105 1193 3155 vel
1226 3104 1349 3165 aliis,

327 3187 605 3237 christianos
637 3197 865 3255 martyres
894 3191 1047 3237 omnis
1073 3196 1120 3238 et
1139 3191 1285 3238 aetatis
1311 3197 1357 3238 et

333 3287 468 3320 sexus
489 3280 534 3319 et
559 3270 838 3318 conditionis
867 3272 1060 3319 totidem
1083 3271 1222 3320 fuisse
1243 3272 1356 3320 ani-

330 3368 438 3402 mae
455 3353 675 3419 poeticas
694 3389 707 3410 ,
740 3355 822 3418 qui
853 3354 1027 3420 absque
1055 3355 1360 3404 fundamento

331 3436 564 3487 voluerint
597 3435 819 3484 omnibus
845 3438 1164 3486 atrocitatibus
1193 3438 1362 3506 subjiei

334 3520 395 3569 ob
427 3523 618 3570 inanem
647 3522 819 3584 spem?
847 3517 1014 3569 Nonne
1056 3520 1213 3586 plures
1248 3522 1362 3570 doc-

336 3604 502 3652 tissimi
531 3604 618 3652 viri
654 3608 702 3652 et
744 3599 1007 3666 philosophi
1042 3606 1238 3669 matyrio
1282 3622 1362 3655 co·-

1393 697 1547 744 ronati
1583 707 1692 745 sunt
1716 700 1739 744 ’ἰ
1776 696 1876 747 Imo
1918 697 1987 747 illi
2019 698 2139 764 ipsi,
2183 701 2266 766 qui
2294 695 2424 766 iuxta

1394 776 1619 827 Stendhal
1637 790 1811 830 ceteros
1835 781 2199 831 exhortabantur
2222 819 2236 843 ‚
2266 798 2427 832 nonne

1395 859 1465 908 illi
1500 873 1663 923 erant,
1709 866 1790 930 qui
1831 867 2126 929 potissimum
2172 865 2235 914 ad
2262 882 2428 914 necem

1401 943 1759 1009 quaerebantur?
1781 945 1996 1012 Episcopi
2041 965 2211 1013 nempe
2236 957 2281 995 et
2301 964 2429 1013 pres-

1399 1026 1588 1092 byteri?
1624 1026 1677 1075 5⁰
1724 1027 1774 1076 Si
1819 1030 2217 1094 persuadebantur
2249 1030 2431 1079 fortiter

1402 1112 1555 1174 exigui
1595 1112 1815 1175 temporis
1849 1121 2083 1160 tormenta
2109 1115 2334 1161 sustinere
2370 1111 2431 1160 ad

1404 1203 1626 1242 :eternam
1645 1194 1787 1240 vitam
1803 1192 1893 1240 sibi
1911 1195 2269 1259 comparandam
2285 1233 2299 1254 ‚
2324 1194 2445 1261 ergo

1406 1293 1503 1324 non
1534 1285 1666 1324 erant
1695 1285 1822 1324 extra
1869 1292 1917 1324 se
1949 1278 2086 1340 positi
2113 1294 2169 1325 ae
2203 1275 2434 1343 quodam-

1408 1359 1548 1409 modo
1571 1358 1860 1407 insensibiles
1881 1396 1893 1418 ‚
1933 1369 1984 1407 ut
2008 1357 2260 1425 plerosque
2290 1359 2435 1408 fuisse

1410 1444 1604 1490 asseruit
1635 1452 1796 1489 auctor
1828 1452 1989 1490 noster
2009 1458 2022 1503 3
2046 1445 2239 1491 mentita
2265 1457 2437 1507 nempe

1405 1527 1505 1591 jam
1533 1524 1607 1572 bis
1627 1534 1695 1572 est
1724 1526 1946 1592 iniquitas
1974 1525 2083 1573 sibi.
2114 1522 2168 1572 6ο
2203 1521 2251 1572 Si
2277 1523 2437 1590 epide-

1411 1610 1505 1656 mia
1521 1607 1827 1656 enthusiasmi
1843 1609 1906 1656 ita
1920 1605 2151 1656 afficiebat
2179 1617 2400 1672 martyres
2416 1641 2433 1667 ‚

1414 1699 1466 1740 ut
1492 1707 1568 1740 eos
1595 1689 1723 1740 velut
1743 1700 1870 1739 extra
1905 1708 1955 1739 se
1979 1699 2160 1755 raperet
2186 1692 2237 1738 in
2265 1695 2438 1738 statum

1414 1776 1580 1824 extasis
1615 1784 1662 1823 et
1691 1773 2097 1833 insensibilitatis,
2135 1774 2217 1839 qui
2261 1772 2439 1821 factum

1417 1870 1515 1921 est,
1535 1868 1589 1907 ut
1619 1868 1688 1906 tot
1713 1860 1760 1908 vi
1791 1867 2128 1907 tormentorum
2160 1856 2327 1906 devicti
2357 1856 2441 1904 de-

1417 1944 1610 1993 ficerent
1636 1980 1650 1999 ,
1694 1953 1835 2010 atque
1881 1951 2160 2007 spectatores
2202 1941 2445 1989 christiani

1419 2044 1536 2093 saepe
1567 2027 1682 2075 adeo
1708 2043 1819 2075 cum
1842 2035 1971 2075 tanto
2000 2043 2084 2074 suo
2114 2022 2322 2091 periculo
2363 2022 2443 2072 de-

1419 2110 1606 2159 buerint
1633 2109 1900 2158 vacillantes
1929 2108 1988 2157 ad
2006 2110 2316 2157 constantiam
2333 2107 2446 2155 hor-

1420 2196 1546 2242 tari?
1591 2201 1646 2257 7⁰
1678 2192 1888 2253 Extasis‚
1924 2208 2067 2257 quam
2108 2192 2447 2256 magnetismus

1422 2278 1592 2326 excitat
1613 2312 1626 2335 ‚
1654 2283 1701 2323 et
1727 2274 1785 2323 de
1814 2292 1906 2341 qua
1926 2274 2193 2339 frequenter
2214 2273 2330 2321 adeo
2347 2288 2448 2320 me-

1423 2360 1578 2408 dicina
1606 2357 1815 2423 loquitur
1836 2394 1850 2416 ‚
1885 2366 1954 2405 est
1988 2366 2131 2406 status
2171 2354 2447 2414 morbosus,

1425 2459 1513 2491 nee
1550 2441 1608 2490 de
1644 2440 1733 2489 alia
1779 2441 1989 2507 loquitur
2020 2438 2156 2489 Alex.
2192 2437 2448 2498 Bertrand,

1426 2528 1561 2592 cujus
1592 2525 1743 2590 operis
1769 2523 2102 2588 compendium
2135 2521 2325 2572 exhibet
2361 2517 2450 2570 Bi-

1426 2607 1593 2657 hlioth.
1624 2607 1767 2656 univ.
1789 2602 1964 2655 Geneo.
1982 2615 2099 2654 tom.
2118 2622 2283 2664 xxxvr,
2298 2622 2347 2670 p.
2363 2600 2452 2665 63,

1431 2688 1548 2740 215.
1582 2689 1689 2739 Jam
1717 2706 1826 2738 vero
1855 2690 2078 2756 numquit
2098 2697 2245 2738 status
2263 2686 2455 2736 morbo-

1433 2794 1509 2826 sus
1538 2777 1691 2841 potuit
1724 2791 1822 2823 esse
1858 2775 2122 2823 communis
2161 2774 2213 2821 in
2241 2774 2457 2822 universo

1431 2870 1663 2909 terrarum
1691 2857 1807 2906 orbe
1828 2857 2047 2906 omnibus
2075 2866 2121 2905 et
2135 2853 2391 2922 juvenibus
2415 2864 2460 2903 et

1435 2942 1626 2993 senibus
1648 2976 1662 3003 ,
1705 2942 1846 3000 viris,
1879 2941 2112 3000 soeminis,
2147 2948 2232 2987 etc.
2273 2947 2318 2986 et
2353 2938 2462 3004 qui-

1435 3028 1546 3077 dem
1573 3043 1657 3091 per
1672 3026 1759 3072 tria
1783 3025 1950 3072 saeeula
1967 3059 1984 3086 ,
2014 3033 2059 3072 et
2077 3031 2325 3071 renovatus
2347 3038 2464 3087 quo-

1437 3112 1526 3159 ties
1547 3106 1784 3157 recruduit
1810 3109 1862 3154 in
1893 3105 2157 3155 Catholicos
2176 3106 2432 3171 persecutio
2448 3139 2461 3163 ‚

1439 3203 1483 3240 et
1509 3190 1699 3257 quidem
1728 3191 1950 3254 privative
1984 3190 2353 3238 Christianorum
2383 3205 2464 3236 seu

1441 3273 1812 3324 Catholicorum?
1831 3272 1966 3321 Tales
1986 3283 2095 3321 sunt
2113 3274 2266 3337 magni
2283 3271 2465 3336 sapien-

1443 3369 1510 3408 tes
1535 3358 1796 3406 christianae
1812 3367 1855 3405 et
1870 3357 2105 3406 catholicae
2130 3354 2467 3421 religionisim-

1444 3441 1748 3508 pugnatores!
1779 3438 1915 3505 Quod
1956 3449 2128 3505 spectat
2153 3438 2211 3487 ad
2243 3445 2423 3487 extases
2450 3473 2465 3495 ‚

1447 3540 1564 3591 quas
1604 3522 1845 3572 interdum
1890 3539 2016 3571 unus
2053 3521 2125 3571 vel
2153 3520 2266 3569 alter
2296 3527 2472 3586 martyr

1444 3614 1515 3656 est
1550 3622 1741 3673 passus,
1772 3608 1871 3655 istae
1911 3622 2009 3655 non
2043 3602 2229 3653 aliunde
2266 3618 2408 3668 quam
2445 3618 2469 3647 a
