2554 4140
276 91 388 150 168

931 111 998 146 ΒΕ
1041 108 1192 148 VERA
1234 110 1354 148 REI„
1400 111 1531 148 ADV.
1582 111 1737 148 mclx.

354 253 493 313 384.
544 254 716 333 Resp.
769 252 837 309 20
880 252 1037 313 Dist.
1085 259 1233 332 maj.
1284 254 1353 312 Et
1395 251 1636 312 humilis
1687 252 2081 335 plurimorum
2135 256 2395 317 fidelium

271 347 530 410 conditio
545 356 635 405 est
653 347 879 428 antiqui
898 348 1155 407 vaticinii
1173 347 1701 430 adimplementum
1717 348 1789 408 de
1805 349 1871 408 iis
1892 395 1907 424 7
1933 350 2112 432 quiin
2134 351 2398 412 futurum

274 443 549 505 Messiam
576 441 850 500 credituri
877 442 984 501 sub
1010 444 1177 502 initio
1208 455 1376 503 erant
1394 490 1408 518 7
1437 466 1598 503 conc.
1609 469 1628 511 ‚·
1653 443 1872 526 aliquid
1891 443 2118 503 roboris
2142 444 2398 506 detrahit

273 550 621 619 argumento
664 550 902 616 nostro,
947 563 1078 621 neq.
1129 542 1294 600 Conf.
1342 544 1414 599 ls.
1465 543 1590 600 LXI
1615 588 1631 617 7
1668 543 1695 600 1
1733 563 1867 601 cum
1900 543 2033 609 Luc·
2072 543 2146 600 lv
2171 587 2187 618 7
2236 543 2307 601 17
2341 554 2401 603 et

266 657 431 717 seqq.

353 731 491 790 385.
539 730 628 790 Ad
673 730 842 789 Prob.
878 733 1330 812 Aryumentum
1363 737 1620 811 pessimi
1660 735 1844 791 turba
1886 744 2002 805 est,
2046 734 2203 794 Dist.
2254 733 2402 792 Cum

271 828 460 908 agitur
507 825 580 886 de
627 827 997 908 speculativis
1026 825 1379 908 quibusdam
1425 828 1805 901 veritatibus7
1853 830 1997 888 circa
2043 851 2185 912 quas
2230 828 2402 888 turba

268 923 676 982 indifferenter
706 945 765 981 se
791 921 1006 981 habere
1046 932 1242 1002 potest
1266 966 1281 994 7
1313 932 1502 981 trans.
1530 947 1549 989 ;
1587 945 1721 983 cum
1757 928 1945 1004 agitur
1980 924 2052 984 de
2084 922 2403 983 deserenda

268 1019 582 1098 religione,
616 1039 796 1098 quam
819 1038 949 1075 cum
981 1016 1131 1074 lacte
1161 1027 1398 1075 suxerat
1419 1061 1435 1089 7
1471 1027 1647 1098 atque
1675 1018 1750 1078 de
1779 1042 1932 1079 nova
1956 1018 2364 1102 amplectanda
2384 1064 2403 1089 7

272 1116 460 1174 invisa
474 1159 500 1190 7.
533 1111 952 1195 cupiditatibus
992 1109 1226 1170 inimica
1249 1157 1265 1186 7
1305 1132 1440 1169 cum
1473 1112 1639 1171 famae
1668 1158 1684 1187 7
1724 1127 2037 1196 parentum
2059 1162 2074 1190 7
2113 1115 2406 1188 bonorum

269 1210 536 1270 omnium
564 1254 580 1283 7
629 1208 882 1289 vitaeque
916 1207 1095 1289 ipsius
1135 1205 1508 1281 discrimine,
1540 1230 1669 1288 neq.
1695 1209 1765 1266 In
1803 1212 2035 1290 negotio
2074 1211 2233 1270 enim
2272 1210 2403 1270 reli-

269 1306 454 1386 gionis
491 1305 614 1365 sive
648 1325 801 1364 verae
843 1304 963 1362 sive
1000 1303 1150 1363 fictae
1177 1349 1193 1378 7
1233 1302 1421 1362 multo
1459 1303 1544 1362 illi
1577 1305 1836 1364 tenacius
1880 1305 2138 1365 adhaeret
2177 1305 2350 1365 turba
2377 1351 2393 1381 7

276 1400 530 1484 populus
550 1446 566 1474 7
606 1398 804 1482 plebS,
839 1422 1016 1482 quam
1040 1400 1333 1482 sapientes
1362 1411 1421 1459 et
1449 1399 1711 1478 nobile53
1739 1402 1877 1460 hinc
1910 1404 1959 1460 si
1985 1401 2157 1461 turba
2186 1401 2407 1480 religio-

271 1520 411 1569 nem
447 1496 827 1555 christianam
862 1495 1132 1576 amplexa
1174 1507 1291 1569 est,
1330 1494 1406 1554 ad
1442 1495 1500 1555 id
1544 1496 1943 1578 praestandum
1985 1519 2108 1556 non
2153 1497 2265 1555 nisi
2301 1506 2405 1555 aut
2488 1544 2492 1548 .

273 1604 754 1673 argumentorum
810 1590 1168 1651 evidentiam
1202 1637 1217 1665 7
1278 1602 1380 1649 aut
1434 1591 1647 1651 divinae
1698 1593 1890 1672 gratiae
1934 1593 2406 1675 omnipotentem

269 1690 555 1749 virtutem
573 1733 589 1762 7
616 1700 717 1746 aut
732 1700 1043 1770 utramque
1061 1687 1233 1746 simul
1252 1687 1479 1746 fortiter
1507 1688 1878 1771 suaviterque
1895 1689 2082 1771 ipsam
2108 1687 2406 1771 impulisse

272 1785 590 1845 dicendum
622 1795 728 1843 est.

354 1881 494 1940 386.
532 1879 824 1959 Objicitur
848 1881 1017 1940 tertio
1043 1902 1056 1937 ε
1082 1878 1407 1938 Christiana
1430 1879 1632 1960 religio
1651 1891 1958 1963 acceptum
1992 1880 2207 1939 referre
2233 1878 2407 1941 debet

269 1977 704 2037 incrementum
744 1969 917 2035 suum
950 1997 1161 2055 magna
1199 1974 1410 2035 saltem
1439 1997 1511 2036 ex
1539 1986 1707 2059 parte
1749 1974 2252 2059 persecutionibus
2286 1976 2408 2035 Im-

266 2084 609 2155 peratorum
636 2071 1133 2144 Christianorumt,
1182 2059 1338 2150 ergo.

264 2267 324 2315 in
341 2264 500 2315 Catal.
517 2265 696 2330 Script.
715 2263 763 2312 Ε
764 2262 1095 2313 ccl..·Discant
1110 2264 1283 2326 icitur,

265 2351 456 2414 inquit,
494 2346 659 2395 Celsus
678 2385 690 2404 7
721 2346 1031 2412 Porphyrius
1055 2353 1101 2393 et
1128 2345 1166 2392 J
1169 2344 1287 2393 ulia·

266 2449 361 2481 nus
378 2470 391 2492 7
410 2430 575 2479 rabidi
592 2429 820 2477 adversus
838 2428 1085 2476 Christum
1107 2443 1249 2475 canes
1270 2465 1285 2488 7

265 2515 457 2563 discant
478 2530 640 2562 eorum
663 2520 911 2560 sectatores
937 2516 950 2574 (
973 2514 1055 2579 qui
1089 2521 1256 2576 putant
1275 2547 1287 2569 ‚

268 2597 521 2646 Ecclesiam
571 2596 723 2643 nullos
763 2585 1070 2659 philosophos*
1111 2603 1156 2642 et
1193 2593 1288 2641 elo-

269 2690 465 2746 quentes
495 2717 509 2735 7
551 2678 704 2726 nullos
744 2677 959 2726 habuisse
1004 2677 1285 2736 doctores),

267 2763 441 2827 quanti
453 2769 498 2810 et
514 2759 676 2826 quales
688 2761 789 2808 viri
806 2777 909 2807 eam
928 2759 1254 2825 fundaverint
1272 2797 1284 2818 ‚

268 2846 593 2905 extraxerint3
613 2853 658 2892 et
673 2843 897 2892 desinant
910 2843 1058 2907 fidem
1072 2851 1289 2892 nostram

268 2928 462 2975 rusticae
485 2934 673 2973 tantam
691 2926 1023 2992 simplicitatis
1051 2943 1252 2991 arquere
1273 2964 1286 2986 7

269 3007 438 3057 Nonne
471 3010 568 3073 jam
616 3008 799 3073 publica
833 3009 1055 3057 existebat
1094 3012 1143 3057 in
1175 3009 1289 3059 urbe

270 3090 563 3139 Alexandriae
607 3090 761 3138 schola
807 3109 832 3139 a
871 3093 1031 3156 primis
1072 3092 1291 3141 Ecclesiae

271 3172 448 3221 saeculis
465 3175 671 3221 instituta
691 3209 705 3232 ‚
724 3175 774 3221 in
804 3192 894 3238 qua
922 3176 1005 3222 viri
1035 3174 1291 3223 doctissimi

270 3256 574 3315 Ammonius,
595 3256 844 3306 Pantaenus
865 3295 877 3315 ‚
898 3256 1116 3307 Clemens
1132 3258 1288 3319 Alex„

269 3338 518 3405 Origenes,
543 3344 637 3387 etc.
672 3340 956 3398 floruerunt,
985 3351 1029 3389 et
1057 3342 1115 3390 ad
1148 3360 1291 3408 quam

266 3421 340 3470 vel
368 3423 454 3487 ipsi
486 3421 659 3469 ethnici
688 3425 922 3469 turmatim
951 3424 1293 3475 confluebant?

264 3500 337 3549 En
369 3503 480 3570 quid
510 3502 566 3550 de
585 3503 813 3568 ejusmodi
841 3503 997 3553 schola
1014 3505 1293 3555 scribatEu-

262 3588 448 3650 sebius,
481 3585 619 3635 Hist.
639 3585 780 3634 Eccl.
810 3586 896 3634 lib.
929 3605 975 3646 v,
999 3606 1043 3637 c.
1086 3605 1143 3637 xo
1165 3625 1179 3649 ,
1209 3590 1292 3639 ubi

263 3670 458 3738 loquens
481 3673 538 3721 de
554 3671 777 3721 Pantaeno
807 3672 912 3732 :⁸132
926 3672 1115 3737 α’ρχαιόυ
1129 3672 1292 3737 ἔθους)

1381 2264 1567 2327 inquit,
1612 2260 1941 2312 διδασκαλείου
1982 2268 2062 2311 τᾶν
2106 2266 2218 2329 ἱερῶν
2263 2262 2408 2322 λέγων

1383 2349 1471 2410 παῤ
1513 2345 1662 2398 αὐτοῖς
1693 2350 1995 2407 moveas-5705,
2035 2341 2056 2394 ἕ
2084 2342 2160 2394 καὶ
2197 2349 2255 2397 εἷς
2289 2346 2411 2408 ἡμεῖς

1383 2422 1696 2492 rapas-elusae
1716 2465 1729 2487 >
1761 2424 1837 2476 noc)
1876 2424 1982 2492 πρδς
2007 2432 2086 2476 τῶν
2118 2428 2154 2475 ἔν
2182 2426 2301 2492 λέγει
2332 2424 2412 2476 καὶ

1382 2514 1440 2576 τῇ
1464 2506 1561 2575 περὶ
1591 2505 1654 2557 τοὶ
1694 2510 1803 2557 θεῖα
1851 2508 2031 2578 σπουδῇ
2064 2507 2253 2559 δυνατῶν
2292 2533 2408 2570 ‹roy-

1382 2592 1635 2656 κροτεῗσται
1673 2589 2016 2658 παρειλῆφαμεν
2036 2631 2049 2654 7
2082 2594 2128 2640 id
2163 2603 2259 2652 est,
2291 2593 2411 2640 Jam

1383 2675 1498 2722 inde
1525 2692 1555 2723 a
1590 2677 1773 2741 priscis
1807 2676 2096 2742 temporibus
2115 2713 2128 2733 ‚
2158 2691 2409 2723 sacrarum

1386 2756 1655 2806 litterarum
1681 2758 1841 2806 schola
1871 2762 1927 2806 in
1957 2775 2013 2806 ea
2035 2759 2229 2806 civitate
2241 2757 2410 2821 fuerat

1391 2843 1657 2905 instituta3
1691 2859 1798 2907 quoe
1831 2842 2024 2907 quidem
2051 2849 2215 2889 nostra
2250 2840 2410 2889 adhuc

1385 2933 1522 2973 aetate
1534 2933 1810 2991 perseverat
1825 2963 1838 2986 ‚
1863 2934 1907 2972 et
1919 2925 1979 2973 ab
1999 2924 2278 2972 hominibus
2304 2932 2406 2971 tum

1386 3007 1654 3073 eloquentia
1690 3016 1794 3056 tum
1822 3007 2103 3055 divinarum
2131 3006 2402 3055 litterarum

1384 3093 1543 3139 studio
1561 3092 1951 3140 instructissimis
1979 3090 2189 3140 obtineri
2202 3090 2405 3140 dicitur.

1385 3176 1526 3224 Porro
1547 3213 1559 3236 7
1590 3175 1678 3223 sub
1712 3172 1889 3239 Seoero
1921 3174 2110 3241 (inquit
2140 3190 2405 3240 anonymus

1386 3252 1951 3323 chronographusffloruit
1962 3255 2243 3315 Pantaenus,
2264 3271 2401 3320 quem

1386 3351 1574 3391 secutus
1612 3348 1680 3388 est
1716 3341 1772 3386 in
1819 3338 1978 3387 schola
2019 3336 2403 3402 (Alexandrina)

1395 3425 1613 3474 Clemens
1642 3422 1941 3472 Stromateus
1961 3458 1975 3486 7
1996 3422 2128 3470 hunc
2149 3421 2399 3484 Oriqenes.

1385 3509 1526 3572 Cave,
1546 3508 1684 3557 Hist.
1706 3508 1798 3557 vol.
1827 3525 1863 3555 u
1882 3545 1896 3565 7
1928 3525 1976 3572 p.
2010 3507 2071 3573 37
2094 3542 2107 3565 ,
2137 3504 2196 3553 ad
2224 3520 2402 3551 annum

1385 3594 1554 3643 Christi
1592 3588 1677 3639 181
1706 3607 1719 3653 3
1750 3606 1862 3659 ergo
1883 3593 1982 3658 jam
1999 3589 2107 3637 inde
2128 3605 2154 3635 a
2179 3585 2343 3634 saeculo
2366 3603 2400 3632 11

1386 3676 1686 3726 celeberrima
1714 3673 1793 3722 illa
1816 3673 1972 3721 schola
1990 3669 2197 3719 florebat.
